%% This BibTeX bibliography file was created using BibDesk.
%% http://bibdesk.sourceforge.net/


%% Created for Trevor Bedford at 2013-05-16 15:16:46 +0100 


%% Saved with string encoding Unicode (UTF-8) 


@string{ahg = {Annals of Human Genetics}}

@string{ajhg = {American Journal of Human Genetics}}

@string{arb = {Annual Review of Biochemistry}}

@string{arcb = {Annual Review of Cell Biology}}

@string{bi = {Bioinformatics}}

@string{biogen = {Biochemical Genetics}}

@string{bjls = {Biological Journal of the Linnean Society}}

@string{bmb = {Bulletin of Mathematical Biology}}

@string{bmcbi = {BMC Bioinformatics}}

@string{cabios = {Computer Applications in the Biosciences}}

@string{cacm = {Communications of the ACM}}

@string{cell = {Cell}}

@string{cocb = {Current Opinion in Cell Biology}}

@string{cogd = {Current Opinion in Genetics and Development}}

@string{computchem = {Computers and Chemistry}}

@string{cosb = {Current Opinion in Structural Biology}}

@string{cshsqb = {Cold Spring Harbor Symposia Quantitative Biology}}

@string{embo = {EMBO Journal}}

@string{evo = {Evolution}}

@string{gb = {Genome Biology}}

@string{gen = {Genetics}}

@string{gr = {Genome Research}}

@string{jbsd = {Journal of Biomolecular Structure and Dynamics}}

@string{JComputBiol = {Journal of Computational Biology}}

@string{jcb = JComputBiol}

@string{jcomputbiol = {Journal of Computational Biology}}

@string{jmb = {Journal of Molecular Biology}}

@string{jme = {Journal of Molecular Evolution}}

@string{jrss = {Journal of the Royal Statistical Society, B}}

@string{jtb = {Journal of Theoretical Biology}}

@string{mbe = {Molecular Biology and Evolution}}

@string{mbio = {Mathematical Biosciences}}

@string{mcb = {Molecular Cell Biology}}

@string{me = {Methods in Enzymology}}

@string{mpe = {Molecular Phylogenetics and Evolution}}

@string{nar = {Nucleic Acids Research}}

@string{nature = {Nature}}

@string{nb = {Nature Biotechnology}}

@string{nc = {Neural Computation}}

@string{ng = {Nature Genetics}}

@string{nnb = {Nature New Biology}}

@string{pe = {Protein Engineering}}

@string{ploscompbio = {PLoS Computational Biology}}

@string{pnas = {Proceedings of the National Academy of Sciences of the USA}}

@string{prot = {Proteins}}

@string{protsci = {Protein Science}}

@string{Science = {Science}}

@string{s = Science}

@string{science = {Science}}

@string{siam = {SIAM Journal of Applied Mathematics}}

@string{sysb = {Systematic Biology}}

@string{sz = {Systematic Zoology}}

@string{tibtech = {Trends in Biotechnology}}

@string{tigs = {Trends in Genetics}}

@string{uksb = {University of Kansas Scientific Bulletin}}


@article{beerli10,
	Author = {Beerli, Peter and Palczewski, Michal},
	Date-Added = {2013-05-16 14:16:40 +0000},
	Date-Modified = {2013-05-16 14:16:46 +0000},
	Journal = {Genetics},
	Number = {1},
	Pages = {313--326},
	Publisher = {Genetics Soc America},
	Title = {Unified framework to evaluate panmixia and migration direction among multiple sampling locations},
	Volume = {185},
	Year = {2010}}

@article{drummond12,
	Abstract = {Computational evolutionary biology, statistical phylogenetics and coalescent-based population genetics are becoming increasingly central to the analysis and understanding of molecular sequence data. We present the Bayesian Evolutionary Analysis by Sampling Trees (BEAST) software package version 1.7, which implements a family of Markov chain Monte Carlo (MCMC) algorithms for Bayesian phylogenetic inference, divergence time dating, coalescent analysis, phylogeography and related molecular evolutionary analyses. This package includes an enhanced graphical user interface program called Bayesian Evolutionary Analysis Utility (BEAUti) that enables access to advanced models for molecular sequence and phenotypic trait evolution that were previously available to developers only. The package also provides new tools for visualizing and summarizing multispecies coalescent and phylogeographic analyses. BEAUti and BEAST 1.7 are open source under the GNU lesser general public license and available at http://beast-mcmc.googlecode.com and http://beast.bio.ed.ac.uk},
	Author = {Drummond, Alexei J. and Suchard, Marc A. and Xie, Dong and Rambaut, Andrew},
	Date-Added = {2013-05-16 14:14:58 +0000},
	Date-Modified = {2013-05-16 14:15:07 +0000},
	Doi = {10.1093/molbev/mss075},
	Eprint = {http://mbe.oxfordjournals.org/content/29/8/1969.full.pdf+html},
	Journal = {Mol Biol Evol},
	Number = {8},
	Pages = {1969--1973},
	Title = {Bayesian Phylogenetics with {BEAUti} and the {BEAST} 1.7},
	Url = {http://mbe.oxfordjournals.org/content/29/8/1969.abstract},
	Volume = {29},
	Year = {2012},
	Bdsk-Url-1 = {http://mbe.oxfordjournals.org/content/29/8/1969.abstract},
	Bdsk-Url-2 = {http://dx.doi.org/10.1093/molbev/mss075}}

@article{beerli01,
	Author = {Beerli, Peter and Felsenstein, Joseph},
	Date-Added = {2013-05-16 13:17:18 +0000},
	Date-Modified = {2013-05-16 13:18:37 +0000},
	Journal = {Proceedings of the National Academy of Sciences},
	Number = {8},
	Pages = {4563--4568},
	Publisher = {National Acad Sciences},
	Title = {Maximum likelihood estimation of a migration matrix and effective population sizes in $n$ subpopulations by using a coalescent approach},
	Volume = {98},
	Year = {2001}}

@manual{rmanual,
	Address = {Vienna, Austria},
	Author = {{R Core Team}},
	Note = {{ISBN} 3-900051-07-0},
	Organization = {R Foundation for Statistical Computing},
	Title = {R: A Language and Environment for Statistical Computing},
	Url = {http://www.R-project.org},
	Year = 2012,
	Bdsk-Url-1 = {http://www.R-project.org}}

@article{adachi92,
	Author = {J. Adachi and M. Hasegawa},
	Journal = {Jpn. J. Genet.},
	Pages = {187--197},
	Title = {Amino acid substitution of proteins coded for in mitochondrial {DNA} during mammalian evolution},
	Volume = 67,
	Year = 1992}

@article{adachi95,
	Author = {J. Adachi and M. Hasegawa},
	Journal = {Molecular Biology and Evolution},
	Pages = {177--179},
	Title = {Phylogeny of whales: {D}ependence of the inference on species sampling},
	Volume = 12,
	Year = 1995}

@article{adachi96,
	Author = {J. Adachi and M. Hasegawa},
	Journal = {Computer Science Monographs},
	Pages = {1--150},
	Title = {{MOLPHY Version 2.3}: {P}rograms for molecular phylogenetics based on maximum likelihood},
	Volume = 28,
	Year = 1996}

@article{adachi00,
	Author = {J. Adachi and P. Waddell and W. Martin and M. Hasegawa},
	Journal = {Journal of Molecular Evolution},
	Pages = {348--358},
	Title = {Plastid genome phylogeny and a model of amino acid substitution for proteins encoded by chloroplast {DNA}},
	Volume = 50,
	Year = 2000}

@article{adey94,
	Author = {N. B. Adey and T. O. Tollefsbol and A. B. Sparks and M. H. Edgell and C. A. Hutchison III},
	Journal = {Proceedings of the National Academy of Sciences, USA},
	Pages = {1569--1573},
	Title = {Molecular resurrecton of an extinct ancestral promoter for mouse {L1}},
	Volume = 91,
	Year = 1994}

@article{adkins91,
	Author = {R. M. Adkins and R. L. Honeycutt},
	Journal = {Proceedings of the National Academy of Sciences, USA},
	Pages = {10317--10321},
	Title = {Molecular phylogeny of the superorder {A}rchonta},
	Volume = 88,
	Year = 1991}

@inproceedings{aldous85,
	Author = {D. Aldous},
	Booktitle = {\'Ecole d'\'Et\'e de Probabilit\'es de Saint-Flour XIII-1983},
	Pages = {1--198},
	Publisher = {Springer, Berlin},
	Title = {Exchangeability ad related topics},
	Year = 1985}

@article{alfaro06,
	Author = {M. E. Alfaro and J. P. Huelsenbeck},
	Journal = {Systematic Biology},
	Pages = {89--96},
	Title = {Comparative performance of {B}ayesian and {AIC}-based measures of phylogenetic model uncertainty},
	Volume = 55,
	Year = 2006}

@article{altekar04,
	Author = {G. Altekar and S. Dwarkadas and J. P. Huelsenbeck and F. Ronquist},
	Journal = {Bioinformatics},
	Pages = {407--415},
	Title = {Parallel {M}etropolis coupled {M}arkov chain {M}onte {C}arlo for {B}ayesian phylogenetic inference},
	Volume = 20,
	Year = 2004}

@article{allman08a,
	Author = {E. S. Allman and C. An\'e and J. A. Rhodes},
	Journal = {Advances in Applied Probability},
	Pages = {228--249},
	Title = {Identifiability of a {M}arkovian model of molecular evolution with gamma-distributed rates},
	Volume = 40,
	Year = 2008}

@article{allman08b,
	Author = {E. S. Allman and J. A. Rhodes},
	Journal = {Mathematical Biosciences},
	Pages = {18--33},
	Title = {Identifying evolutionary trees and substitution parameters for the general {M}arkov model with invariable sites},
	Volume = 211,
	Year = 2008}

@article{allman09,
	Author = {E. S. Allman and J. A. Rhodes},
	Journal = {IEEE/ACM Transactions in Computational Biology and Bioinformatics},
	Pages = {76--88},
	Title = {The identifiability of covarion models in phylogenetics},
	Volume = 6,
	Year = 2009}

@article{ammerman92,
	Author = {L. K. Ammerman and D. M. Hillis},
	Journal = {Systematic Biology},
	Pages = {222--232},
	Title = {A molecular test of bat relationships: {M}onophyly or diphyly?},
	Volume = 41,
	Year = 1992}

@article{ane07,
	Author = {C. An\'e and B. Larget and D. A. Baum and S. D. Smith and A. Rokas},
	Journal = {Molecular Biology and Evolution},
	Pages = {412--426},
	Title = {Bayesian estimation of concordance among gene trees},
	Volume = 24,
	Year = 2007}

@article{andolfatto05,
	Author = {P. Andolfatto},
	Journal = {Nature},
	Pages = {1149--1153},
	Title = {Adaptive evolution of non-coding {DNA} in {D}rosophila},
	Volume = 437,
	Year = 2005}

@article{antoniak74,
	Author = {C. E. Antoniak},
	Journal = {Annals of Statistics},
	Pages = {1152--1174},
	Title = {Mixtures of {D}irichlet processes with applications to non-parametric problems},
	Volume = 2,
	Year = 1974}

@article{arora96,
	Author = {R. Arora and C. Priano and A. Jacobson and D. R. Mills},
	Journal = {Journal of Molecular Biology},
	Pages = {433--446},
	Title = {Cis-acting elements within an {RNA} coliphage genome: {F}old as you please, but fold you must!!},
	Volume = 258,
	Year = 1996}

@unpublished{arvestad99,
	Author = {Lars Arvestad},
	Note = {In preparation},
	Title = {Practical algorithms for optimal accuracy alignment},
	Year = 1999}

@article{asmussen92,
	Author = {S. Asmussen and P. W. Glynn and H. Thorisson},
	Journal = {ACM Trans. Model. Comput. Simul.},
	Pages = {130--157},
	Title = {Stationary detection in the initial transient problem},
	Volume = 2,
	Year = 1992}

@article{bailey92,
	Author = {W. J. Bailey and J. L. Slightom and M. Goodman},
	Journal = {Science},
	Pages = {86--89},
	Title = {Rejection of the ``Flying Primate'' hypothesis by phylogenetic evidence from $\epsilon$-globin gene},
	Volume = 256,
	Year = 1992}

@article{bailly03,
	Author = {X. Bailly and R. Leroy and S. Carney and O. Collin and F. Zal and A. Toulmond and D. Jollivet},
	Journal = {Proceedings of the National Academy of Science, U. S. A.},
	Pages = {5885--5890},
	Title = {The loss of the hemoglobin {H2S}-binding function in annelids from sulfide-free habitats reveals molecular adaptation driven by {D}arwinian positive selection.},
	Volume = 100,
	Year = 2003}

@article{baker91,
	Author = {R. J. Baker and R. L. Honeycutt and R. A. Van Den Bussche},
	Journal = {Bulletin of the American Museum of Natural History},
	Pages = {42--53},
	Title = {Examination of the monophyly of bats: {R}estriction map of the ribosomal {DNA} cistron},
	Volume = 206,
	Year = 1991}

@article{barry87,
	Author = {D. Barry and J. A. Hartigan},
	Journal = {Stat. Sci.},
	Pages = {191--210},
	Title = {Statistical analysis of hominoid molecular evolution},
	Volume = 2,
	Year = 1987}

@inproceedings{baserga93,
	Author = {S. J. Baserga and J. A. Steitz},
	Booktitle = {The {RNA} {W}orld},
	Editor = {R. F. Gesteland and J. F. Atkins},
	Pages = {359--381},
	Publisher = {Cold Spring Harbor Press},
	Title = {The diverse world of small ribonucleoproteins},
	Year = 1993}

@article{bastolla01,
	Author = {U. Bastolla and J. Farwer and E. W. Knapp and M. Vendruscolo},
	Journal = {Proteins},
	Pages = {79--96},
	Title = {How to guarantee optimal stability for most representative structures in the protein data bank},
	Volume = 44,
	Year = 2001}

@book{bayes36,
	Address = {unknown address},
	Author = {T. Bayes},
	Publisher = {unknown publisher},
	Title = {An {I}ntroduction to the {D}octrine of {F}luxions, and a {D}efence of the {M}athematicians against the objections of the {A}uthor of the {A}nalyst},
	Year = 1736}

@article{bayes63,
	Author = {T. Bayes},
	Journal = {Philosophical Transactions of the Royal Society of London},
	Pages = {370--418},
	Title = {An essay towrds solving a problem in the doctrine of chances},
	Volume = 53,
	Year = 1763}

@article{beatty79,
	Author = {J. Beatty and W. L. Fink},
	Journal = {Systematic Zoology},
	Pages = {643--651},
	Title = {Review of `{S}implicity' by {E}. {S}ober},
	Volume = 28,
	Year = 1979}

@article{beerli99,
	Author = {P. Beerli and J. Felsenstein},
	Journal = {Genetics},
	Pages = {763--773},
	Title = {Maximum likelihood estimation of migration rates and effective population umbers in two populations using a coalescent approach},
	Volume = 152,
	Year = 1999}

@article{beiko05,
	Author = {R. G. Beiko and T. J. Harlow and M. A. Ragan},
	Journal = {Proceedings of the National Academy of Science, U.S.A.},
	Pages = {14332--14337},
	Title = {Highways of gene sharing in prokaryotes},
	Volume = 102,
	Year = 2005}

@article{bell34,
	Author = {E. T. Bell},
	Journal = {American Mathematics Monthly},
	Pages = {411--419},
	Title = {Exponential numbers},
	Volume = 41,
	Year = 1934}

@article{berger99,
	Author = {J. O. Berger and B. Liseo and R. L. Wolpert},
	Journal = {Statistical Science},
	Pages = {1--28},
	Title = {Integrated likelihood methods for eliminating nuisance parameters},
	Volume = 14,
	Year = 1999}

@article{birney07,
	Author = {{ENCODE} project consortium},
	Journal = Nature,
	Pages = {799--816},
	Title = {{I}dentification and analysis of functional elements in 1\% of the human genome by the {E}{N}{C}{O}{D}{E} pilot project},
	Volume = 7146,
	Year = 2007}

@article{bishop85,
	Author = {M. J. Bishop and A. E. Friday},
	Journal = {Proceedings of the Royal Society of London, B},
	Pages = {271--302},
	Title = {Evolutionary trees form nucleic acid and protein sequences},
	Volume = 226,
	Year = 1985}

@article{blake92,
	Author = {R. D. Blake and S. T. Hess and J. Nicholson-Tuell},
	Journal = {JME},
	Pages = {189--200},
	Title = {EvoThe influence of nearest neighbors on the rate and pattern of spontaneous point mutations},
	Volume = 34,
	Year = 1992}

@inproceedings{bishop87,
	Author = {M. J. Bishop and A. E. Friday},
	Booktitle = {Molecules and {M}orphology in {E}volution: {C}onflict or {C}ompromise?},
	Editor = {C. Patterson},
	Pages = {123--140},
	Publisher = {Cambridge University Press},
	Title = {Tetrapod relationships: {T}he molecular evidence},
	Year = 1987}

@inproceddings{bollback04,
	Author = {J. Bollback},
	Booktitle = {Statistical Methods in Molecular Evolution},
	Editor = {R. Nielsen},
	Publisher = {Springer-Verlag},
	Title = {Predictive distributions and posterior mappings},
	Year = 2004}

@article{bollback01,
	Author = {J. Bollback and J. P. Huelsenbeck},
	Journal = {Journal of Molecular Evolution},
	Pages = {117--128},
	Title = {Phylogenetic relationships, genome evolution, and host specificity of single-stranded {RNA} bacteriophage ({F}amily {L}eviviridae)},
	Volume = 52,
	Year = 2001}

@phdthesis{bourque78,
	Author = {M. Bourque},
	School = {University of Montreal},
	Title = {Arbres de Steiner et reseaux dont varie l'emplagement de certains sommets},
	Year = 1978}

@article{brandley05,
	Author = {M. C. Brandley and A. Schmitz and T. W. Reeder},
	Journal = {Systematic Biology},
	Pages = {373--390},
	Title = {Partitioned {B}ayesian analyses, partition choice, and the phylogenetic relationships of scincid lizards},
	Volume = 54,
	Year = 2005}

@article{brandley08,
	Author = {M. C. Brandley and J. P. Huelsenbeck and J. J. Wiens},
	Journal = {Evolution},
	Pages = {2042--2064},
	Title = {Rates and patterns in the evolution of snake-like body form in squamate reptiles: {E}vidence for repeated re-evolution of lost digits and long-term persistence of intermediate body forms},
	Volume = 62,
	Year = 2008}

@article{bradley07,
	Author = {R. K. Bradley and I. Holmes},
	Journal = BI,
	Month = {Sep},
	Title = {{{T}ransducers: {A}n {E}merging {P}robabilistic {F}ramework for {M}odeling {I}ndels on {T}rees}},
	Year = {2007}}

@article{bray04,
	Author = {N. Bray and L. Pachter},
	Journal = GR,
	Pages = {693--699},
	Title = {{MAVID}: Constrained ancestral alignment of multiple sequences},
	Volume = 14,
	Year = 2004}

@article{brochier02,
	Author = {C. Brochier and H. Philippe},
	Journal = {Nature},
	Pages = {244},
	Title = {Phylogeny: {A} non-hyperthermophilic ancestor for {B}acteria},
	Volume = 417,
	Year = 2002}

@article{brower00,
	Author = {A. V. Z. Brower},
	Journal = {Proceedings of the Royal Society London, Series B},
	Pages = {1201--1211},
	Title = {Phylogenetic relationshiops among the {N}ymphalidae ({L}epidoptera) inferred from partial sequences of the wingless gene},
	Volume = 267,
	Year = 2000}

@article{brown82,
	Author = {W. M. Brown and E. M. Prager and A. Wang and A. C. Wilson},
	Journal = {Journal of Molecular Evolution},
	Pages = {225--239},
	Title = {Mitochondrial {DNA} sequences of primates, tempo and mode of evolution},
	Volume = 18,
	Year = 1982}

@article{brown93,
	Author = {M. Brown and R. Hughey and A. Krogh and I. S. Mian and K. Sj{\"o}lander and D. Haussler},
	Journal = {Proc. of First Int. Conf. on Intelligent Systems for Molecular Biology},
	Pages = {47--55},
	Title = {Using {D}irichlet Mixture Priors to Derive Hidden {M}arkov Models for Protein Families},
	Year = 1993}

@article{brown06b,
	Author = {G.K. Brown and G. Nelson and P. Y. Ladiges},
	Journal = {Journal of biogeography},
	Pages = {1929--1944},
	Title = {Historical biogeography of Rhododendron section Vireya and the Malesian Archipelago},
	Volume = 33,
	Year = 2006}

@article{brown07,
	Author = {J. M. Brown and A. R. Lemmon},
	Journal = {Systematic Biology},
	Pages = {643--655},
	Title = {The importance of data partitioning and the utility of {B}ayes factors in {B}ayesian phylogenetics},
	Volume = 56,
	Year = 2007}

@article{bryant00,
	Author = {D. Bryant and J. Tsang and P. Kearney and M. Li},
	Journal = {Proceedings of the ACM-SIAM Symposium on Discrete Algorithms},
	Title = {Computing the quartet distance between evolutionary trees},
	Year = 2000}

@article{buerki11,
	Author = {S. Buerki and F. Forest and N. Alvarez and J. A. A. Nylander and N. Arrigo and I. Sanmart\'in},
	Journal = {Journal of Biogeography},
	Pages = {531--550},
	Title = {An evaluation of new parsimony-based versus parametric inference methods in biogeography: a case study using the globally distributed plant family {S}apindaceae},
	Volume = 38,
	Year = 2011}

@article{bulmer86,
	Author = {M. Bulmer},
	Journal = {MBE},
	Pages = {322--329},
	Title = {Neighboring base effects on substitution rates in pseudo genes},
	Volume = 3,
	Year = 1986}

@article{bull93,
	Author = {J. J. Bull and J. P. Huelsenbeck and C. W. Cunningham and D. L. Swofford and P. J. Waddell},
	Journal = {Systematic Biology},
	Pages = {384--397},
	Title = {Partitioning and combining data in phylogenetic analysis},
	Volume = 42,
	Year = 1993}

@article{cameron07,
	Author = {S. Cameron and H. M. Hines and P. H. Williams},
	Journal = {Biological journal of the Linnean Society},
	Pages = {161--188},
	Title = {A comprehensive phylogeny of bumble bees ({B}ombus)},
	Volume = 91,
	Year = 2007}

@article{camin65,
	Author = {J. H. Camin and R. R. Sokal},
	Journal = {Evolution},
	Pages = {311--326},
	Title = {A method for deducing branching sequences in a phylogeny},
	Volume = 19,
	Year = 1965}

@article{cann87,
	Author = {R. L. Cann and M. Stoneking and A. C. Wilson},
	Journal = {Nature},
	Pages = {31--36},
	Title = {Mitochondrial {DNA} and human evolution},
	Volume = 325,
	Year = 1987}

@article{cao98,
	Author = {Y. Cao and A. Janke and P. J. Waddell and M. Westerman and O. Takenaka and S. Murata and N. Okada and S. P{\"a}{\"a}bo and M. Hasegawa},
	Journal = {Journal of Molecular Evoluton},
	Pages = {307--322},
	Title = {Conflict amongst individual mitochondrial proteins in resolving the phylogeny of eutherian orders},
	Volume = 47,
	Year = 1998}

@book{carlin00,
	Address = {Boca Raton},
	Author = {B. P. Carlin and T. A. Louis},
	Edition = {second},
	Publisher = {Chapman and Hall/CRC},
	Title = {Bayes and Empirical {B}ayes Methods for Data Analysis},
	Year = 2000}

@article{carlquist66,
	Author = {Carlquist, S.},
	Journal = {Quarterly Review of Biology},
	Pages = {247--270},
	Title = {The biota of long-distance dispersal. I. Principles of dispersal and evolution},
	Year = {1966}}

@article{cavalli-sforza67,
	Author = {L. L. Cavalli-Sforza and A. W. F. Edwards},
	Journal = {American Journal of Human Genetics},
	Pages = {233--257},
	Title = {Phylogenetic analysis. {M}odels and estimation procedures},
	Volume = 19,
	Year = 1967}

@book{cavalli-sforza94,
	Address = {Princeton, New Jersey},
	Author = {L. L. Cavalli-Sforza and P. Menozzi and A. Piazza},
	Publisher = {Princeton University Press},
	Title = {History and {G}eography of {H}uman {G}enes},
	Year = 1994}

@article{cavelaars00,
	Author = {A. E. J. M. Cavelaars and A. E. Kunst and J. J. M. Geurts and R. Crialesi and L. Gr{\"o}tvedt and U. Helmert and E. Lahelma and O. Lundberg and A. Mielck and N. Kr. Rasmussen and E. Regidor and T. Spuhler and J. P. Mackenbach},
	Journal = {Annals of Human Biology},
	Pages = {407--421},
	Title = {Persistent variations in average height between countries and between socio-economic groups: {A}n overview of 10 European countries},
	Volume = 27,
	Year = 2000}

@article{cavender78,
	Author = {J. A. Cavender},
	Journal = {Mathematical Biosciences},
	Pages = {301--316},
	Title = {Taxonomy with confidence},
	Volume = 40,
	Year = 1978}

@article{cavender87,
	Author = {J. A. Cavender and J. Felsenstein},
	Journal = {Journal of Classification},
	Pages = {57--71},
	Title = {Invariants of phylogenies in a simple case with discrete states},
	Volume = 4,
	Year = 1987}

@article{cech86,
	Author = {T. R. Cech and B. L. Bass},
	Journal = {Annual Review of Biochemistry},
	Pages = {599--629},
	Title = {Biological catalysis by {RNA}},
	Volume = 55,
	Year = 1986}

@article{chandrasekharan96,
	Author = {U. M. Chandrasekharan and S. Sanker and M. J. Glynias and S. S. Karnik and A. Husain},
	Journal = {Science},
	Pages = {1483--1489},
	Title = {Angiotensin II-forming activity in a reconstructed ancestral chymase},
	Volume = 271,
	Year = 1996}

@article{chang00,
	Author = {B. S. W. Chang and M. J. Donoghue},
	Journal = {Trends in Ecology and Evolution},
	Pages = {109--114},
	Title = {Recreating ancestral proteins},
	Volume = 15,
	Year = 2000}

@article{chang02,
	Author = {B. S. W. Chang and K. J{\"o}nsson and M. A. Kazmi and M. J. Donoghue and T. P. Sakmar},
	Journal = {Molecular Biology and Evolution},
	Pages = {502--505},
	Title = {Recreating a functional ancestral {A}rchosaur visual pigment},
	Volume = 19,
	Year = 2002}

@phdthesis{charleston94,
	Author = {M. A. Charleston},
	School = {Massey University},
	Title = {Factors affecting the performance of phylogenetic methods},
	Year = 1994}

@article{charleston95,
	Author = {M. A. Charleston},
	Journal = {Journal of Computational Biology},
	Pages = {439--450},
	Title = {Toward a characterization of landscapes of combinatorial optimization problems, with special attention to the phylogeny problem},
	Volume = 2,
	Year = 1995}

@article{chase93,
	Author = {M. W. Chase and D. E. Soltis and R. G. Olmstead and D. Morgan and D. H. Les and B. D. Mishler and M. R. Duvall and R. A. Price and H. G. Hills and Y. Qiu and K. A. Kron and J. H. Rettig and E. Conti and J. D. Palmer and J. R. Manhart and K. J. Sytsma and H. J. Michaels and W. J. Kress and K. G. Karol and W. D. Clark and M. Hedren and B. S. Gaut and R. K. Jansen and K. Kim and C. F. Wimpee and J. F. Smith and G. R. Furnier and S. H. Strauss and Q. Xiang and G. M. Plunkett and P. S. Soltis and S. M. Swensen and S. E. Williams and P. A. Gadek and C. J. Quinn and L. E. Eguiarte and E. Golenberg and G. H. Learn and S. W. Graham and S. C. H. Barrett and S. Dayanandan and V. A. Albert},
	Journal = {Annals Missouri Botanical Garden},
	Pages = {528--580},
	Title = {Phylogenetics of seed plants: {A}n analysis of nucleotide sequences from the plastid gene rbcL},
	Volume = 80,
	Year = 1993}

@article{chothia86,
	Author = {C. Chothia and A. M. Lesk},
	Journal = {EMBO J},
	Pages = {823--826},
	Title = {The relation between the divergence of sequence and structure in proteins},
	Volume = 5,
	Year = 1986}

@article{clark03,
	Author = {A. G. Clark and S. Glanowski and R. Nielsen and P. D. Thomas and A. Kejariwal and M. A. Todd and D. M. Tanenbaum and D. Civello and F. Lu and B. Murphy and S. Ferriera and G. Wang, X. Zheng and T. J. White and J. J. Sninsky and M. D. Adams and M. Cargill},
	Journal = {Science},
	Pages = {1960--1963},
	Title = {Inferring nonneutral evolution from human-chimp-mouse orthologous gene trios},
	Volume = 302,
	Year = 2003}

@article{clark08,
	Author = {J. R. Clark and R. H. Ree and M. E. Alfaro and M. G. King and W. L. Wagner and E. H. Roalson},
	Journal = {Systematic Biology},
	Pages = {693--707},
	Title = {A comparative study in ancestral range reconstruction methods: retracing the uncertain histories of insular lineages},
	Volume = 57,
	Year = 2008}

@article{cliften01,
	Author = {P. Cliften and L. W. Hillier and L. Fulton and T. Graves and T. Miner W. R. Gish and R. H. Waterston and M. Johnston},
	Journal = {Genome Research},
	Pages = {1175--1186},
	Title = {Surveying {\it {S}accharomyces} genomes to identify functional elements by comparative {DNA} sequence analysis},
	Volume = 11,
	Year = 2001}

@article{cliften03,
	Author = {P. Cliften and P. Sudarsanam and A. Desikan and L. Fulton and B. Fulton and J. Majors and R. Waterson and B. A. Cohen and M. Johnston},
	Journal = {Science},
	Pages = {71--76},
	Title = {Finding functional features in {\it {S}accharomyces} genomes by phylogenetic footprinting},
	Volume = 301,
	Year = 2003}

@article{colless82,
	Author = {D. H. Colless},
	Journal = {Systematic Zoology},
	Pages = {100--104},
	Title = {Review of Phylogenetics: The theory and practice of phylogenetic systematics II},
	Volume = 31,
	Year = 1982}

@article{cornish85,
	Author = {A. Cornish-Bowden},
	Journal = {Nucleic Acids Research},
	Pages = {3021--3030},
	Title = {Nomenclature for incompletely specified bases in nucleic acid sequences: {R}ecommendations 1984},
	Volume = 13,
	Year = 1985}

@book{coyne04,
	Address = {Sunderland, Massachusetts},
	Author = {J. A. Coyne and H. A. Orr},
	Publisher = {Sinauer Associates, Inc.},
	Title = {Speciation},
	Year = 2004}

@book{crowson81,
	Address = {London},
	Author = {R. A. Crowson},
	Publisher = {Academic Press},
	Title = {The Biology of {C}oleoptera},
	Year = 1981}

@article{cunningham92,
	Author = {C. W. Cunningham and N. W. Blackstone and L. W. Buss},
	Journal = {Nature},
	Pages = {539--542},
	Title = {Evolution of king crabs from hermit crab ancestors},
	Volume = 335,
	Year = 1992}

@article{cummings95,
	Author = {M. P. Cummings and S. P. Otto and J. Wakeley},
	Journal = {Molecular Biology and Evolution},
	Pages = {814--822},
	Title = {Sampling properties of DNA sequence data in phylogenetic analysis},
	Volume = 12,
	Year = 1995}

@book{darwin59,
	Address = {London},
	Author = {C. Darwin},
	Publisher = {J. Murray},
	Title = {On the {O}rigin of {S}pecies},
	Year = 1859}

@inproceedings{dayhoff78,
	Author = {M. O. Dayhoff and R. M. Schwartz and B. C. Orcutt},
	Booktitle = {Atlas of protein sequence and structure, Volume 5, Supplement 3},
	Pages = {345--352},
	Publisher = {National Biomedical Research Foundation},
	Title = {A model of evolutionary change in proteins},
	Year = 1978}

@article{definetti37,
	Author = {B. de Finetti},
	Journal = {Ann. Inst. Poincare},
	Pages = {1--68},
	Title = {le pr\'evision: ses lois logiques, ses sources subjectives},
	Volume = 7,
	Year = 1937}

@article{dequeiroz90,
	Author = {K. de Queiroz and J. Gauthier},
	Journal = {Systematic Zoology},
	Pages = {307--322},
	Title = {Phylogeny as a central principle in taxonomy: {P}hylogenetic definitions of taxon names},
	Volume = 39,
	Year = 1990}

@article{dequeiroz92,
	Author = {K. de Queiroz and J. Gauthier},
	Journal = {Annual Review of Ecology and Systematics},
	Pages = {449--480},
	Title = {Phylogenetic taxonomy},
	Volume = 23,
	Year = 1992}

@article{dequeiroz94,
	Author = {K. de Queiroz and J. Gauthier},
	Journal = {Trends in Ecology and Evolution},
	Pages = {27--31},
	Title = {Toward a phylogenetic system of biological nomenclature},
	Volume = 9,
	Year = 1994}

@article{diaconis07,
	Author = {P. Diaconis and S. Holmes and R. Montgomery},
	Journal = {SIAM Review},
	Pages = {211--235},
	Title = {Dynamical bias in the coin toss},
	Volume = 49,
	Year = 2007}

@article{dickey71,
	Author = {J. Dickey},
	Journal = {The Annals of Statistics},
	Pages = {204--223},
	Title = {The weighted likelihood ratio, linear hypotheses on normal location parameters},
	Volume = 42,
	Year = 1971}

@article{dimmic02,
	Author = {M. W. Dimmic and J. S. Rest and D. P. Mindell and D. Goldstein},
	Journal = {Journal of Molecular Evolution},
	Pages = {65--73},
	Title = {{RA}rt{REV}: {A}n amino acid substitution matrix for inference of retrovirus and reverse transcriptase phylogeny},
	Volume = 55,
	Year = 2002}

@inproceedings{dimmic04,
	Author = {M. Dimic},
	Booktitle = {Statistical Methods in Molecular Evolution},
	Editor = {R. Nielsen},
	Publisher = {Springer-Verlag},
	Title = {Models of protein evolution},
	Year = 2004}

@article{do05,
	Author = {C. B. Do and M. S. P. Mahabhashyam and M. Brudno and S. Batzoglou},
	Journal = {Genome Research},
	Pages = {330--340},
	Title = {{PROBCONS}: {P}robabilistic consistency-based multiple sequence alignment},
	Volume = 15,
	Year = 2005}

@inproceedings{dongarra84,
	Author = {J. J. Dongarra and G. W. Stewart},
	Booktitle = {Sources and Development of Mathematical Software},
	Editor = {W. R. Cowell},
	Pages = {20--48},
	Publisher = {Prentice-Hall},
	Title = {{PROBCONS}: {P}robabilistic consistency-based multiple sequence alignment},
	Year = 1984}

@article{dongarra75,
	Author = {J. J. Dongarra and B. S. Garbow},
	Journal = {Argonne National Laboratory Technical Memorandum},
	Pages = {ANL-AMD-TM-250},
	Title = {Path chart and documentation for the {EISPACK} package of matrix eigensystem routines},
	Year = 1975}

@inproceedings{durrett04,
	Author = {R. Durrett},
	Booktitle = {Statistical Methods in Molecular Evolution},
	Editor = {R. Nielsen},
	Publisher = {Springer-Verlag},
	Title = {Evolution by genome rearrangement},
	Year = 2004}

@article{donoghue92,
	Author = {M. J. Donoghue and J. W. Kadereit},
	Journal = {Systematic Biology},
	Pages = {74--85},
	Title = {Walter Zimmermann and the growth of phylogenetic theory},
	Volume = 41,
	Year = 1992}

@book{drucker59,
	Address = {New York},
	Author = {P. Drucker},
	Publisher = {Harper},
	Title = {Landmarks of {T}omorrow},
	Year = 1959}

@article{drummond06,
	Author = {A. J. Drummond and S. Y. Ho and M. J. Phillips and A. Rambaut},
	Journal = {PLoS Biology},
	Pages = {e88},
	Title = {Relaxed phylogenetics and dating with confidence},
	Volume = 4,
	Year = 2006}

@misc{drummond07,
	Author = {A. Drummond and A. Rambaut},
	Howpublished = {http://beast.bio.ed.ac.uk},
	Title = {{BEAST} v1.4},
	Year = 2007}

@article{drummond10,
	Author = {A. J. Drummond and M. A. Suchard},
	Journal = {BMC Biology},
	Pages = {114},
	Title = {Bayesian random local clocks, or one rate to rule them all},
	Volume = 8,
	Year = 2010}

@book{durbin98,
	Address = {Cambridge},
	Author = {R. Durbin and S. Eddy and A. Krogh and G. Mitchison},
	Publisher = {Cambridge University Press},
	Title = {Biological {S}equence {A}nalysis},
	Year = 1998}

@article{eddy95,
	Author = {S. R. Eddy and G. J. Mitchison and R. Durbin},
	Journal = JComputBiol,
	Pages = {9--23},
	Title = {Maximum Discrimination Hidden {M}arkov Models of Sequence Consensus},
	Volume = 2,
	Year = 1995}

@article{edgar04,
	Author = {R. C. Edgar},
	Journal = {Nucleic Acids Research},
	Pages = {1792--1797},
	Title = {{MUSCLE}: {M}ultiple sequence alignment with high accuracy and high throughput},
	Volume = 32,
	Year = 2004}

@article{edwards66,
	Author = {A. W. F. Edwards},
	Journal = {New Scientist},
	Pages = {438--440},
	Title = {Studying human evolution by computer},
	Volume = 30,
	Year = 1966}

@article{edwards70,
	Author = {A. W. F. Edwards},
	Journal = {Journal of the Royal Statistical Society B},
	Pages = {155--174},
	Title = {Estimation of the branch points of a branching diffusion process},
	Volume = 32,
	Year = 1970}

@book{edwards72,
	Address = {Cambridge},
	Author = {A. W. F. Edwards},
	Publisher = {Cambridge University Press},
	Title = {Likelihood},
	Year = 1972}

@article{edwards96,
	Author = {A. W. F. Edwards},
	Journal = {Systematic Biology},
	Pages = {79--91},
	Title = {The origin and early development of the method of minimum evolution for the reconstruction of phylogenetic trees},
	Volume = 45,
	Year = 1996}

@article{edwards63,
	Author = {A. W. F. Edwards and L. L. Cavalli-Sforza},
	Journal = {Annals of Human Genetics},
	Pages = {104--105},
	Title = {The reconstruction of evolution (Abstract)},
	Volume = 27,
	Year = 1963}

@inproceedings{edwards64,
	Author = {A. W. F. Edwards and L. L. Cavalli-Sforza},
	Booktitle = {Phenetic and {P}hylogenetic {C}lassification},
	Editor = {J. McNeill},
	Publisher = {Systematics Association Publication},
	Title = {Reconstruction of evolutionary trees},
	Year = 1964}

@article{efron96,
	Author = {B. Efron and E. Halloran and S. Holmes},
	Journal = {Proceedings of the National Academy of Science, USA},
	Pages = {13429--13434},
	Title = {Bootstrap confidence levels for phylogenetic trees},
	Volume = 93,
	Year = 1996}

@book{eldredge80,
	Address = {New York},
	Author = {N. Eldredge and J. Cracraft},
	Publisher = {Columbia University Press},
	Title = {Phylogenetic {P}atterns and the {E}volutionary {P}rocess},
	Year = 1980}

@article{elston71,
	Author = {R. C. Elston and J. Stewart},
	Journal = {Human Heredity},
	Number = 6,
	Pages = {523--542},
	Title = {A general model for the genetic analysis of pedigree data},
	Volume = 21,
	Year = 1971}

@article{ehrlich90,
	Author = {M. Ehrlich and X. Y. Zhang and N. M. Inamdar},
	Journal = {Mutat. Res.},
	Pages = {277--286},
	Title = {Spontaneous deamination of cytosine and 5-methylcytosine residues in {DNA} and replacement of 5-methylcytosine residues with cytosine residues},
	Volume = 238,
	Year = 1990}

@inproceedings{ewens98,
	Author = {W. J. Ewens and S. Tavar\'e},
	Booktitle = {Encyclopedia of Statistical Science},
	Editor = {S. Kotz and C. B. Read and D. L. Banks},
	Publisher = {Wiley, New York},
	Title = {The {E}wens sampling formula},
	Year = 1998}

@article{farris70,
	Author = {J. S. Farris},
	Journal = {Systematic Zoology},
	Pages = {83--92},
	Title = {Methods for computing Wagner trees},
	Volume = 19,
	Year = 1970}

@article{farris73,
	Author = {J. S. Farris},
	Journal = {Systematic Zoology},
	Pages = {250--256},
	Title = {A probability model for inferring evolutionary trees},
	Volume = 22,
	Year = 1973}

@inproceedings{farris83,
	Author = {J. S. Farris},
	Booktitle = {Advances in {C}ladistics, {V}olume 2},
	Editor = {N. I. Platnick and V. A. Funk},
	Pages = {7--36},
	Publisher = {Columbia University Press},
	Title = {The logical basis of phylogenetic analysis},
	Year = 1983}

@article{farris96,
	Author = {J. S. Farris and V. A. Albert and M. K{\"a}llersj{\"o} and D. Lipscomb and A. G. Kluge},
	Journal = {Cladistics},
	Pages = {99--124},
	Title = {Parsimony jackknifing outperforms neighbor-joining},
	Volume = 12,
	Year = 1996}

@article{farris08,
	Author = {J. S. Farris},
	Journal = {Cladistics},
	Pages = {825--847},
	Title = {Parsimony and explanatory power},
	Volume = 24,
	Year = 2008}

@book{felsenstein04,
	Address = {Sunderland, Massachusetts},
	Author = {J. Felsenstein},
	Publisher = {Sinauer Associates, Inc.},
	Title = {Inferring Phylogenies},
	Year = 2004}

@phdthesis{felsenstein68,
	Author = {J. Felsenstein},
	School = {University of Chicago},
	Title = {Statistical inference and the estimation of phylogenies},
	Year = 1968}

@article{felsenstein73,
	Author = {J. Felsenstein},
	Journal = {Systematic Zoology},
	Pages = {240--249},
	Title = {Maximum likelihood and minimum-steps methods for estimating evolutionary trees from data on discrete characters},
	Volume = 22,
	Year = 1973}

@article{felsenstein78,
	Author = {J. Felsenstein},
	Journal = {Systematic Zoology},
	Pages = {401--411},
	Title = {Cases in which parsimony and compatibility methods will be positively misleading},
	Volume = 27,
	Year = 1978}

@article{felsenstein81,
	Author = {J. Felsenstein},
	Journal = {Journal of Molecular Evolution},
	Pages = {368--376},
	Title = {Evolutionary trees from {DNA} sequences: {A} maximum likelihood approach},
	Volume = 17,
	Year = 1981}

@misc{felsenstein93,
	Author = {J. Felsenstein},
	Howpublished = {Distributed by author},
	Title = {{PHYLIP}: ({P}hylogeny {I}nference {P}ackage)},
	Year = 1993}

@article{felsenstein85a,
	Author = {J. Felsenstein},
	Journal = {Evolution},
	Pages = {783--791},
	Title = {Confidence limits on phylogenies: {A}n approach using the bootstrap},
	Volume = 39,
	Year = 1985}

@article{felsenstein85b,
	Author = {J. Felsenstein},
	Journal = {The American Naturalist},
	Pages = {1--15},
	Title = {Phylogenies and the comparative method},
	Volume = 125,
	Year = 1985}

@inproceedings{felsenstein88,
	Author = {J. Felsenstein},
	Booktitle = {Prospects in {S}ystematics},
	Editor = {D. L. Hawksworth},
	Pages = {112--127},
	Publisher = {Systematics Association and Clarendon Press},
	Title = {The detection of phylogeny},
	Year = 1988}

@article{felsenstein96,
	Author = {J. Felsenstein and G. A. Churchill},
	Journal = {Molecular Biology and Evolution},
	Pages = {93--104},
	Title = {A hidden {M}arkov model approach to variation among sites in rate of evolution},
	Volume = 13,
	Year = 1996}

@article{felsenstein01,
	Author = {J. Felsenstein},
	Journal = {Systematic Biology},
	Pages = {465--467},
	Title = {The troubled growth of statistical phylogenetics},
	Volume = 50,
	Year = 2001}

@article{feng87,
	Author = {D. F. Feng and R. F. Doolittle},
	Journal = {Journal of Molecular Evolution},
	Pages = {351--360},
	Title = {Progressive sequence alignment as a prerequisite to correct phylogenetic trees},
	Volume = 25,
	Year = 1987}

@article{ferguson73,
	Author = {T. S. Ferguson},
	Journal = {Annals of Statistics},
	Pages = {209--230},
	Title = {A {B}ayesian analysis of some nonparametric problems},
	Volume = 1,
	Year = 1973}

@article{fisher12,
	Author = {R. A. Fisher},
	Journal = {Mess. Math.},
	Pages = {155--160},
	Title = {On an absolute criterion for fitting frquency curves},
	Volume = 41,
	Year = 1912}

@article{fisher21,
	Author = {R. A. Fisher},
	Journal = {Metron, I},
	Pages = {3--32},
	Title = {On the `probable error' of a coefficient of correlation deduced from a small sample},
	Volume = 4,
	Year = 1921}

@article{fisher22,
	Author = {R. A. Fisher},
	Journal = {Philosophical Transactions of the Royal Society off London, A},
	Pages = {309--368},
	Title = {On the mathematical foundations of theoretical statistics},
	Volume = 222,
	Year = 1922}

@book{fisher25,
	Address = {Edinburgh},
	Author = {R. A. Fisher},
	Publisher = {Oliver and Boyd},
	Title = {Statistical {M}ethods for {R}esearch {W}orkers},
	Year = 1925}

@article{fitch71,
	Author = {W. M. Fitch},
	Journal = {Systematic Zoology},
	Pages = {406--416},
	Title = {Toward defining the course of evolution: Minimum change for a specific tree topology},
	Volume = 20,
	Year = 1971}

@article{fitch67,
	Author = {W. M. Fitch and E. Margoliash},
	Journal = {Science},
	Pages = {279--284},
	Title = {Construction of phylogenetic trees},
	Volume = 155,
	Year = 1967}

@article{fitch97,
	Author = {W. M. Fitch and R. M. Bush and C. A. Bender and N. J. Cox},
	Journal = {Proceedings of the National Academy of Science, U.S.A.},
	Pages = {7712--7718},
	Title = {Long term trends in the evolution of {H(3)} {HA1} human influenza type {A}},
	Volume = 94,
	Year = 1997}

@article{flores93,
	Author = {T. P. Flores and C. A. Orengo and D. S. Moss and J. M. Thornton},
	Journal = {Protein Science},
	Pages = {1811--1826},
	Title = {Comparison of conformational characteristics in structurally similar protein pairs},
	Volume = 2,
	Year = 1993}

@article{forsberg03,
	Author = {R. Forsberg and F. B. Christiansen},
	Journal = {Molecular Biology and Evolution},
	Pages = {1252--1259},
	Title = {A codon-based model of host-specific selection in parasites, with an application to the influenza virus},
	Volume = 20,
	Year = 2003}

@article{freckleton03,
	Author = {R. P. Freckleton and P. H. Harvey and M. Pagel},
	Journal = {The American Naturalist},
	Pages = {821--825},
	Title = {Bergmann's rule and body size in mammals},
	Volume = 161,
	Year = 2003}

@article{furnas84,
	Author = {G. W. Furnas},
	Journal = {Journal of Classification},
	Pages = {187--233},
	Title = {The generation of random, binary, unordered trees},
	Volume = 1,
	Year = 1984}

@inproceedings{gaffney79,
	Author = {E. S. Gaffney},
	Booktitle = {Phylogenetic {A}nalysis and {P}aleontology},
	Editor = {J. Cracraft and N. Eldredge},
	Pages = {79--111},
	Publisher = {Columbia University Press},
	Title = {An introduction to the logic of phylogeny reconstruction},
	Year = 1979}

@article{gallager62,
	Author = {R. G. Gallager},
	Journal = {IRE Trans. Inform. Theory},
	Pages = {21--28},
	Title = {Low-density parity-check codes},
	Volume = 8,
	Year = 1962}

@book{gallager63,
	Address = {Cambridge, MA},
	Author = {R. G. Gallager},
	Publisher = {MIT Press},
	Title = {Low-density parity check codes},
	Year = 1963}

@article{galtier01,
	Author = {N. Galtier},
	Journal = {Molecular Biology and Evolution},
	Pages = {866--873},
	Title = {Maximum-likelihood phylogenetic analysis under a covarion-like model},
	Volume = 18,
	Year = 2001}

@article{galtier07,
	Author = {N. Galtier},
	Journal = {Systematic Biology},
	Pages = {663--642},
	Title = {A model of horizontal gene transfer and the bacterial phylogeny problem},
	Volume = 56,
	Year = 2007}

@article{gao92,
	Author = {F. Gao and L. Yue and A. T. White and P. G. Pappas and J. Barchue and A. P. Hanson and B. M. Greene and P. M. Sharp and G. M. Shaw and B. H. Hahn BH},
	Journal = {Nature},
	Pages = {495--499},
	Title = {Human infection by genetically diverse {SIVSM}-related {HIV-2} in {W}est {A}frica},
	Volume = 358,
	Year = 1992}

@article{gao99,
	Author = {F. Gao and E. Bailes and D. L. Robertson and Y. Chen and C. M. Rodenburg and S. F. Michael and L. B. Cummins and L. O. Arthur and M. Peeters and G. M. Shaw and P. M. Sharp and B. H. Hahn},
	Journal = {Nature},
	Pages = {436--441},
	Title = {Origin of {HIV-1} in the chimpanzee {\it {P}an troglodytes troglodytes}},
	Volume = 397,
	Year = 1999}

@article{gaut95,
	Author = {B. A. Gaut and P. O. Lewis},
	Journal = {Molecular Biology and Evolution},
	Pages = {152--162},
	Title = {Success of maximum likelihood in the four-taxon case},
	Volume = 12,
	Year = 1995}

@article{gauthier86,
	Author = {J. Gauthier},
	Journal = {Mem. Cal. Acad. Sci.},
	Pages = {1--55},
	Title = {Saurischian monophyly and the origin of birds},
	Volume = 8,
	Year = 1986}

@article{gauthier88,
	Author = {J. Gauthier and A. G. Kluge and T. Rowe},
	Journal = {Cladistics},
	Pages = {105--209},
	Title = {Amniote phylogeny and the importance of fossils},
	Volume = 4,
	Year = 1988}

@article{geman84,
	Author = {S. Geman and D. Geman},
	Journal = {{IEEE} Transactions on Patrtern Analysis and Machine Intelligence},
	Pages = {721--741},
	Title = {Stochastic relaxation, {G}ibbs distributions, and the {B}ayesian restoration of images},
	Volume = 6,
	Year = 1984}

@article{gelman92,
	Author = {A. Gelman and D. B. Rubin},
	Journal = {Statistical Science},
	Pages = {457--511},
	Title = {Inferences from iterative simulation using multiple sequences},
	Volume = 7,
	Year = 1992}

@book{gelman95,
	Address = {Boca Raton},
	Author = {A. Gelman and J. B. Carlin and H. S. Stern and D. B. Rubin},
	Publisher = {Chapman and Hall/CRC},
	Title = {Bayesian data analysis},
	Year = 1995}

@inproceedings{gelman96,
	Author = {A. Gelman},
	Booktitle = {Markov {C}hain {M}onte {C}arlo in {P}ractice},
	Editor = {W. R. Gilks and S. Richardson and D. J. Spiegelhalter},
	Pages = {131--143},
	Publisher = {Chapman and Hall},
	Title = {Inference and monitoring convergence},
	Year = 1996}

@article{gelman98,
	Author = {A. Gelman},
	Journal = {Statistical Science},
	Pages = {163--185},
	Title = {Simulating normalizing constants: {F}rom importance sampling to bridge sampling to path sampling},
	Volume = 13,
	Year = 1998}

@article{gernhard08,
	Author = {T. Gernhard},
	Journal = {Journal of Theoretical Biology},
	Pages = {769--778},
	Title = {The conditioned reconstructed process},
	Volume = 253,
	Year = 2008}

@article{geuten07,
	Author = {W. Geuten and T. Massingham and P. Darius and E. Smets and N. Goldman},
	Journal = {Systematic Biology},
	Pages = {609--622},
	Title = {Experimental design criteria in phylogenetics: {W}here to add taxa},
	Volume = 56,
	Year = 2007}

@inproceedings{geyer91,
	Author = {C. J. Geyer},
	Booktitle = {Computing Science and Statistics: Proceedings of the 23rd Symposium on the Interface},
	Editor = {E. M. Kerimidas},
	Pages = {156--163},
	Publisher = {Fairfax Station: Interface Foundation},
	Title = {{M}arkov chain {M}onte {C}arlo maximum likelihood},
	Year = 1991}

@inproceedings{geyer99,
	Author = {C. J. Geyer},
	Booktitle = {Stochastic {G}eometry: {L}ikelihood and {C}omputation},
	Editor = {O. E. Barndorff-Nielsen and W. S. Kendall and M. N. M. van Lieshout},
	Pages = {79--140},
	Publisher = {Chapman and Hall/CRC},
	Title = {Likelihood inference for spatial point processes},
	Year = 1999}

@article{gilbert86,
	Author = {W. Gilbert},
	Journal = {Nature},
	Pages = {618},
	Title = {The {RNA} world},
	Volume = 319,
	Year = 1986}

@article{gilks94,
	Author = {W. R. Gilks and A. Thomas and D. J. Spiegelhalter},
	Journal = {The Statistician},
	Pages = {169--177},
	Title = {A language and program for complex {B}ayesian modelling},
	Volume = 43,
	Year = 1994}

@book{gilks96a,
	Address = {Boca Raton},
	Editor = {W. R. Gilks and S. Richardson and D. J. Spiegelhalter},
	Publisher = {Chapman and Hall/CRC},
	Title = {Markov chain {M}onte {C}arlo in practice},
	Year = 1996}

@inproceedings{gilks96b,
	Author = {W. R. Gilks},
	Booktitle = {Markov {C}hain {M}onte {C}arlo in {P}ractice},
	Editor = {W. R. Gilks and S. Richardson and D. J. Spiegelhalter},
	Pages = {75--88},
	Publisher = {Chapman and Hall},
	Title = {Full conditional distributions},
	Year = 1996}

@inproceedings{gilks96c,
	Author = {W. R. Gilks and G. O. Roberts},
	Booktitle = {Markov {C}hain {M}onte {C}arlo in {P}ractice},
	Editor = {W. R. Gilks and S. Richardson and D. J. Spiegelhalter},
	Pages = {89--114},
	Publisher = {Chapman and Hall},
	Title = {Strategies for improving {MCMC}},
	Year = 1996}

@article{golding83,
	Author = {G. B. Golding},
	Journal = {Molecular Biology and Evolution},
	Pages = {125--142},
	Title = {Estimates of {DNA} and protein sequence divergence: {A}n examination of some assumptions},
	Volume = 1,
	Year = 1983}

@article{goldman90,
	Author = {N. Goldman},
	Journal = {Systematic Zoology},
	Pages = {345--361},
	Title = {Maximum likelihood inference of phylogenetic trees with special reference to a {P}oisson process model of {DNA} substitution and to parsimony analyses},
	Volume = 39,
	Year = 1990}

@article{goldman93,
	Author = {N. Goldman},
	Journal = {Journal of Molecular Evolution},
	Pages = {182--198},
	Title = {Statistical tests of models of {DNA} substitution},
	Volume = 36,
	Year = 1993}

@article{goldman94,
	Author = {N. Goldman and Z. Yang},
	Journal = {Molecular Biology and Evolution},
	Pages = {725--736},
	Title = {A codon-based model of nucleotide substitution for protein-coding {DNA} sequences},
	Volume = 11,
	Year = 1994}

@article{goldman96,
	Author = {N. Goldman and J. Thorne and D. Jones},
	Journal = {Journal of Molecular Biology},
	Pages = {196--208},
	Title = {Using evolutionary trees in protein secondary structure prediction and other comparative sequence analyses},
	Volume = 263,
	Year = 1996}

@article{goldstein06,
	Author = {R. N. Goldstein},
	Journal = {Cell},
	Pages = {243--246},
	Title = {Architectural design and the collaborative research environment},
	Volume = 127,
	Year = 2006}

@article{goloboff03,
	Author = {P. A. Goloboff},
	Journal = {Cladistics},
	Pages = {91--103},
	Title = {Parsimony, likelihood, and simplicity},
	Volume = 19,
	Year = 2003}

@book{golub83,
	Address = {Baltimore, Maryland},
	Author = {G. H. Golub and C. F. Van Loan},
	Publisher = {Johns Hopkins University Press},
	Title = {Matrix {C}omputations},
	Year = 1983}

@article{gotoh82,
	Author = {O. Gotoh},
	Journal = JMB,
	Pages = {705--708},
	Title = {An improved algorithm for matching biological sequences},
	Volume = 162,
	Year = 1982}

@article{graham00,
	Author = {M. Graham and J. Kennedy and C. Hand},
	Journal = {Proceedings of Advanced Visual Interfaces},
	Pages = {41--50},
	Title = {A comparison of set-based and graph-based visualisations of overlapping classification hierarchies},
	Year = 2000}

@article{grantham74,
	Author = {R. Grantham},
	Journal = {Science},
	Pages = {862--864},
	Title = {Amino acid difference formula to help explain protein evolution},
	Volume = 185,
	Year = 1974}

@article{graybeal94,
	Author = {A. Graybeal},
	Journal = {Systematic Biology},
	Pages = {174--193},
	Title = {Evaluating the phylogenetic utility of genes: {A} search for genes informative about deep divergences among vertebrates},
	Volume = 43,
	Year = 1994}

@article{green95,
	Author = {P. J. Green},
	Journal = {Biometrika},
	Pages = {771--732},
	Title = {Reversible jump {MCMC} computation and {B}ayesian model determination},
	Volume = 82,
	Year = 1995}

@inproceedings{green03,
	Author = {P. J. Green},
	Booktitle = {Highly {S}tructured {S}tochastic {S}ystems},
	Editor = {P. J. Green and N. L. Hjort and S. Richardson},
	Pages = {179--198},
	Publisher = {Oxford University Press},
	Title = {Trans-dimensional {M}arkov chain {M}onte {C}arlo},
	Year = 2003}

@article{green08,
	Author = {R. E. Green and A.-S. Malaspinas and J. Krause and A. W. Briggs and P. L. F. Johnson and C. Uhler and M. Meyer and J. M. Good and T. Maricic and U. Stenzel and K. Pr{\"u}fer and M. Siebauer and H. A. Burbano and M. Ronan and J. M. Rothberg and M. Egholm and P. Rudan and D. Brajkovi\'c and \u{Z}. Ku\'can and I. Gu\u{s}i\'c and M. Wikstr{\"o}m and L. Laakkonen and J. Kelso and M. Slatkin and S. P{\"a}{\"a}bo},
	Journal = {Cell},
	Pages = {416--426},
	Title = {A complete Neandertal mitochondrial genome sequence determined by high-throughput sequencing},
	Volume = 134,
	Year = 2008}

@article{greider85,
	Author = {C. W. Greider and E. H. Blackburn},
	Journal = {Cell},
	Pages = {405--413},
	Title = {Identification of a specific telomere terminal transferase activity in {T}etrahymena extracts},
	Volume = 43,
	Year = 1985}

@article{gu95,
	Author = {X. Gu and Y. -X. Fu and W.-H. Li},
	Journal = {Molecular Biology and Evolution},
	Pages = {546--557},
	Title = {Maximum likelihood estimation of the heterogeneity of substitution rates among nucleotide sites},
	Volume = 12,
	Year = 1995}

@article{guindon04,
	Author = {S. Guindon and A. G. Rodrigo and K. A. Dyer and J. P. Huelsenbeck},
	Journal = {Proceedings of the National Academy of Science, U.S.A.},
	Pages = {12957--12962},
	Title = {Modeling the site-specific variation of selection patterns along lineages},
	Volume = 101,
	Year = 2004}

@article{gusfield02,
	Author = {D. Gusfield},
	Journal = {Information Processing Letters},
	Pages = {159--164},
	Title = {Partition-distance: a problem and class of perfect graphs arising in clustering},
	Volume = 82,
	Year = 2002}

@inproceedings{gutell96,
	Author = {R. R. Gutell},
	Booktitle = {Ribosomal RNA: Structure, Evolution, Processing and Function in Protein Biosynthesis},
	Editor = {A. E. Dahlberg and R. A. Zimmermann},
	Pages = {111--128},
	Publisher = {CRC Press},
	Title = {Comparative sequence analysis and the structure of {16S} and {23S} {rRNA}},
	Year = 1996}

@article{gutell02,
	Author = {R. R. Gutell and J. C. Lee and J. J. Cannone},
	Journal = {Current Opinion in Structural Biology},
	Pages = {301--310},
	Title = {The accuracy of ribosomal {RNA} comparative structure models},
	Volume = 12,
	Year = 2002}

@article{guyer91,
	Author = {C. Guyer and J. B. Slowinski},
	Journal = {Evolution},
	Pages = {340--350},
	Title = {Comparisons of observed phylogenetic topologies with null expectations among three monophyletic lineages},
	Volume = 45,
	Year = 1991}

@book{haeckel66,
	Address = {Berlin},
	Author = {E. Haeckel},
	Publisher = {Georg Riemer},
	Title = {Generelle {M}orphologie der {O}rganismen: {A}llgemeine {G}rundzuge der organischen {F}ormen-{W}issenschaft, mechanisch begrundet durch die von {C}harles {D}arwin reformirte {D}escendenz-{T}heorie},
	Year = 1866}

@article{hafner94,
	Author = {M. S. Hafner and P. D. Sudman and F. X. Villablanca and T. A. Spradling and J. W. Demastes and S. A. Nadler},
	Journal = {Science},
	Pages = {1087--1090},
	Title = {Disparate rates of molecular evolution in cospeciating hosts and parasites},
	Volume = 265,
	Year = 1994}

@article{hahn00,
	Author = {B. H. Hahn and G. M. Shaw and K. M. de Cock and P. M. Sharp},
	Journal = {Science},
	Pages = {607--614},
	Title = {{AIDS} as a zoonosis: {S}cientific and public health implications},
	Volume = 287,
	Year = 2000}

@article{hall06,
	Author = {B. G. Hall},
	Journal = {Proceedings of the National Academy of Science, U.S.A.},
	Pages = {5431--5436},
	Title = {Simple and accurate estimation of ancestral protein sequences},
	Volume = 103,
	Year = 2006}

@article{hanski98,
	Author = {I. Hanski},
	Journal = {Nature},
	Pages = {41--49},
	Title = {Metapopulation dynamics},
	Volume = 396,
	Year = 1998}

@article{harshman03,
	Author = {J. Harshman and C. J. Huddleston and J. P. Bollback and T. J. Parsons and M. J. Braun},
	Journal = {Systematic Biology},
	Pages = {386--402},
	Title = {True and false {G}harials: a nuclear gene phylogeny of {C}rocodylia},
	Volume = 52,
	Year = 2003}

@article{hartigan73,
	Author = {J. A. Hartigan},
	Journal = {Biometrics},
	Pages = {53--65},
	Title = {Minimum mutation fits to a given tree},
	Volume = 29,
	Year = 1973}

@article{hartmann10,
	Author = {K. Hartmann and D. Wong and T. Stadler},
	Journal = {Systematic Biology},
	Pages = {465--476},
	Title = {Sampling trees from evolutionary models},
	Volume = 59,
	Year = 2010}

@book{harvey91,
	Address = {Oxford},
	Author = {P. H. Harvey and M. D. Pagel},
	Publisher = {Oxford University Press},
	Title = {The {C}omparative {M}ethod in {E}volutionary {B}iology},
	Year = 1991}

@article{hasegawa84,
	Author = {M. Hasegawa and T. Yano and H. Kishino},
	Journal = {Proc. Japan Acad. Ser. B},
	Pages = {95--98},
	Title = {A new molecular clock of mitochondrial {DNA} and the evolution of {H}ominoids},
	Volume = 60,
	Year = 1984}

@article{hasegawa85,
	Author = {M. Hasegawa and H. Kishino and T. Yano},
	Journal = {Journal of Molecular Evolution},
	Pages = {160--174},
	Title = {Dating the human-ape splitting by a molecular clock of mitochondrial {DNA}},
	Volume = 22,
	Year = 1985}

@article{hasegawa91,
	Author = {M. Hasegawa and J. Horai},
	Journal = {Journal of Molecular Evolution},
	Pages = {37--42},
	Title = {Time of the deepest root for polymorphism in human mitochondrial {DNA}},
	Volume = 32,
	Year = 1991}

@article{hastings70,
	Author = {W. K. Hastings},
	Journal = {Biometrika},
	Pages = {97--109},
	Title = {{Monte Carlo} sampling methods using {Markov} chains and their applications},
	Volume = 57,
	Year = 1970}

@article{hayasaka88,
	Author = {K. Hayasaka and T. Gojobori and S. Horai},
	Journal = {Molecular Biology and Evolution},
	Pages = {626--644},
	Title = {Molecular phylogeny and evolution of primate mitochondrial {DNA}},
	Volume = 5,
	Year = 1988}

@article{heath11,
	Author = {T. A. Heath and M. T. Holder and J. P. Huelsenbeck},
	Journal = {Molecular Biology and Evolution},
	Pages = {??--??},
	Title = {A {D}irichlet process prior for estimating lineage-specific substitution rates},
	Volume = {??},
	Year = {In Press}}

@article{heerwagen04,
	Author = {J. H. Heerwagen and K. Kampschoer and K. M. Powell and V. Loftness},
	Journal = {Building Research \& Information},
	Pages = {510--528},
	Title = {Collaborative knowledge work environments},
	Volume = {32},
	Year = 2004}

@article{hein00,
	Author = {J. Hein and C. Wiuf and B. Knudsen and M. B. Moller and G. Wibling},
	Journal = JMB,
	Pages = {265--279},
	Title = {Statistical alignment: computational properties, homology testing and goodness-of-fit},
	Volume = {302},
	Year = 2000}

@inproceedings{hein01,
	Address = {Singapore},
	Author = {J. Hein},
	Booktitle = {Pacific Symposium on Biocomputing},
	Editor = {R. B. Altman and A. K. Dunker and L. Hunter and K. Lauderdale and T. E. Klein},
	Pages = {179--190},
	Publisher = {World Scientific},
	Title = {An Algorithm for Statistical Alignment of Sequences Related by a Binary Tree},
	Year = {2001}}

@article{hein03,
	Author = {J. Hein and J. L. Jensen and C. N. S. Pedersen},
	Journal = PNAS,
	Month = {Dec},
	Number = {25},
	Pages = {14960--14965},
	Title = {{{R}ecursions for statistical multiple alignment}},
	Volume = {100},
	Year = {2003}}

@article{hendy93,
	Author = {M. D. Hendy and D. Penny},
	Journal = {Journal of Classification},
	Pages = {5--24},
	Title = {Spectral analysis of phylogenetic data},
	Volume = 10,
	Year = 1993}

@article{henikoff92,
	Author = {S. Henikoff and J. G. Henikoff},
	Journal = {Proceedings of the National Academy of Science, U.S.A.},
	Pages = {10915--10919},
	Title = {Amino acid substitution matrices from protein blocks},
	Volume = 89,
	Year = 1992}

@book{hennig50,
	Address = {Berlin},
	Author = {W. Hennig},
	Publisher = {Deutscher Zentralverlag},
	Title = {Grundzuge einer {T}heorie der {P}hylogenetischen {S}ystematik},
	Year = 1950}

@book{hennig66,
	Address = {Urbana},
	Author = {W. Hennig},
	Publisher = {University of Illinois Press},
	Title = {Phylogenetic {S}ystematics},
	Year = 1966}

@book{hennig69,
	Address = {Frankfurt},
	Author = {W. Hennig},
	Publisher = {Kramer},
	Title = {Die {S}tammesgeschichte der {I}nsekten},
	Year = 1969}

@article{herman00,
	Author = {I. Herman and G. Melancon and M. S. Marshall},
	Journal = {IEEE Transactions on Visualization and Computer Graphics},
	Pages = {24--43},
	Title = {Graph visualization and navigation in information visualization: {A} survey},
	Volume = 6,
	Year = 2000}

@article{hess94,
	Author = {S. T. Hess and J. D. Blake and R. D. Blake},
	Journal = {JMB},
	Pages = {1022--1033},
	Title = {Wide variations in neighbor-dependent substitution rates},
	Volume = 236,
	Year = 1994}

@article{hey07,
	Author = {J. Hey and R. Nielsen},
	Journal = {Proceedings of the National Academy of Science, U.S.A.},
	Pages = {2785--2790},
	Title = {Integration with the {F}elsenstein equation for improved {M}arkov chain {M}onte {C}arlo methods in population genetics},
	Volume = 104,
	Year = 2007}

@article{higgins88,
	Author = {D. G. Higgins and P. M. Sharp},
	Journal = {Gene},
	Pages = {237--244},
	Title = {{CLUSTAL}---a package for performing multiple sequence alignment on a microcomputer},
	Volume = 73,
	Year = 1988}

@inproceedings{hillis94,
	Author = {D. M. Hillis},
	Booktitle = {Homology: {T}he {H}ierarchical {B}asis of {C}omparative {B}iology},
	Editor = {B. K. Hall},
	Pages = {339--368},
	Publisher = {Academic Press},
	Title = {Homology in molecular biology},
	Year = 1994}

@article{hillis96,
	Author = {D. M. Hillis},
	Journal = {Nature},
	Pages = {130--131},
	Title = {Inferring complex phylogenies},
	Volume = 383,
	Year = 1996}

@article{hitchcock03,
	Author = {D. Hitchcock},
	Journal = {The American Statistician},
	Pages = {254--257},
	Title = {A history of the {M}etropolis-{H}astings algorithm},
	Volume = 57,
	Year = 2003}

@article{hogeweg84,
	Author = {P. Hogeweg and P. Hesper},
	Journal = {Journal of Molecular Evolution},
	Pages = {175--186},
	Title = {The alignment of sets of sequences and the construction of phyletic trees: {A}n integrated method},
	Volume = 20,
	Year = 1984}

@article{holder10,
	Author = {M. T. Holder and P. O. Lewis and D. L. Swofford},
	Journal = {Systematic Biology},
	Number = 4,
	Pages = {477--485},
	Title = {The {A}kaike information criterion will not choose the no common mechanism model},
	Volume = 59,
	Year = 2010}

@article{holmes98,
	Author = {I. Holmes and R. Durbin},
	Journal = JCB,
	Number = 3,
	Pages = {493--504},
	Title = {Dynamic programming alignment accuracy},
	Volume = 5,
	Year = 1998}

@article{holmes01,
	Author = {I. Holmes and W. J. Bruno},
	Journal = BI,
	Number = 9,
	Pages = {803--820},
	Title = {Evolutionary {HMM}s: a {B}ayesian approach to multiple alignment},
	Volume = 17,
	Year = 2001}

@article{holmes03,
	Author = {I. Holmes},
	Journal = BI,
	Pages = {i147--157},
	Title = {Using guide trees to construct multiple-sequence evolutionary {HMM}s},
	Volume = {19 Suppl. 1},
	Year = 2003}

@article{holmes04,
	Author = {I. Holmes},
	Journal = BMCBI,
	Number = 166,
	Title = {A probabilistic model for the evolution of {RNA} structure},
	Volume = 5,
	Year = 2004}

@article{holmes05,
	Author = {I. Holmes},
	Journal = BMCBI,
	Number = 73,
	Title = {Accelerated probabilistic inference of {RNA} structure evolution},
	Volume = 6,
	Year = 2005}

@article{holmes05b,
	Author = {I. Holmes},
	Journal = BI,
	Number = 10,
	Pages = {2294--2300},
	Title = {Using evolutionary {E}xpectation {M}aximization to estimate indel rates},
	Volume = 21,
	Year = 2005}

@article{holmes07,
	Author = {I. Holmes},
	Journal = BI,
	Month = {Sep},
	Title = {{{P}hylocomposer and {P}hylodirector: {A}nalysis and {V}isualization of {T}ransducer {I}ndel {M}odels}},
	Year = {2007}}

@unpublished{holmes02a,
	Author = {I. Holmes and G. M. Rubin},
	Note = {Pacific Symposium on Biocomputing, 2002},
	Title = {Pairwise {RNA} structure comparison using stochastic context-free grammars},
	Year = 2002}

@article{holmes02b,
	Author = {I. Holmes and G. M. Rubin},
	Journal = JMB,
	Number = 5,
	Pages = {757--768},
	Title = {An {E}xpectation {M}aximization algorithm for training hidden substitution models},
	Volume = 317,
	Year = 2002}

@article{horner19,
	Author = {W. G. Horner},
	Journal = {Philosophical Transactions of the Royal Society of London},
	Pages = {308--335},
	Title = {A new method of solving numerical equations of all orders, by continuous approximation},
	Volume = 109,
	Year = 1819}

@book{howson93,
	Address = {Chicago},
	Author = {C. Howson and P. Urbach},
	Publisher = {Open Court},
	Title = {Scientific {R}easoning: {T}he {B}ayesian {A}pproach, {S}econd {E}dition},
	Year = 1993}

@article{hubisz11,
	Author = {M. J. Hubisz and M. F. Lin and M. Kellis and A. Siepel},
	Journal = {PLoS ONE},
	Pages = {e17034},
	Title = {Error and error mitigation in low-coverage genome assemblies},
	Volume = 6,
	Year = 2011}

@article{hudson90,
	Author = {R. R. Hudson},
	Journal = {Oxford Surveys in Evolutionary Biology},
	Pages = {1--44},
	Title = {Gene genealogies and the coalescent process},
	Volume = 7,
	Year = 1990}

@article{huelsenbeck93,
	Author = {J. P. Huelsenbeck and D. M. Hillis},
	Journal = {Systematic Biology},
	Pages = {247--264},
	Title = {Success of phylogenetic methods in the four-taxon case},
	Volume = 42,
	Year = 1993}

@article{huelsenbeck95a,
	Author = {J. P. Huelsenbeck},
	Journal = {Systematic Biology},
	Pages = {17--48},
	Title = {Performance of phylogenetic methods in simulation},
	Volume = 44,
	Year = 1995}

@article{huelsenbeck95b,
	Author = {J. P. Huelsenbeck},
	Journal = {Molecular Biology and Evolution},
	Pages = {843--849},
	Title = {The robustness of two phylogenetic methods: {F}our taxon simulations reveal a slight superiority of maximum likelihood over neighbor joining},
	Volume = 12,
	Year = 1995}

@article{huelsenbeck96a,
	Author = {J. P. Huelsenbeck and M. Kirkpatrick},
	Journal = {Evolution},
	Pages = {1418--1424},
	Title = {Do phylogenetic methods produce trees with biased shapes?},
	Volume = 50,
	Year = 1996}

@article{huelsenbeck96b,
	Author = {J. P. Huelsenbeck and J. J. Bull},
	Journal = {Systematic Biology},
	Pages = {92--98},
	Title = {A likelihood ratio test for detection of conflicting phylogenetic signal},
	Volume = 45,
	Year = 1996}

@article{huelsenbeck96c,
	Author = {J. P. Huelsenbeck and J. J. Bull and C. W. Cunningham},
	Journal = {Trends in Ecology and Evolution},
	Pages = {152--158},
	Title = {Combining data in phylogenetic analysis},
	Volume = 11,
	Year = 1996}

@article{huelsenbeck96d,
	Author = {J. P. Huelsenbeck and D. M. Hillis and R. Nielsen},
	Journal = {Systematic Biology},
	Pages = {546--558},
	Title = {A likelihood-ratio test of monophyly},
	Volume = 45,
	Year = 1996}

@article{huelsenbeck97a,
	Author = {J. P. Huelsenbeck and B. Rannala},
	Journal = {Science},
	Pages = {227--232},
	Title = {Phylogenetic methods come of age: {T}esting hypotheses in an evolutionary context},
	Volume = 276,
	Year = 1997}

@article{huelsenbeck97b,
	Author = {J. P. Huelsenbeck},
	Journal = {Systematic Biology},
	Pages = {69--74},
	Title = {Is the {F}elsenstein zone a fly trap?},
	Volume = 46,
	Year = 1997}

@article{huelsenbeck98,
	Author = {J. P. Huelsenbeck},
	Journal = {Systematic Biology},
	Pages = {519--537},
	Title = {Systematic bias in phylogenetic analysis: {I}s the {S}trepsiptera problem solved?},
	Volume = 47,
	Year = 1998}

@article{huelsenbeck99,
	Author = {J. P. Huelsenbeck and R. Nielsen},
	Journal = {Systematic Biology},
	Pages = {317--328},
	Title = {Effect of non-independent substitution on phylogenetic accuracy},
	Volume = 48,
	Year = 1999}

@article{huelsenbeck00a,
	Author = {J. P. Huelsenbeck and B. Larget and D. L. Swofford},
	Journal = {Genetics},
	Pages = {1879--1892},
	Title = {A compound Poisson process for relaxing the molecular clock},
	Volume = 154,
	Year = 2000}

@article{huelsenbeck00b,
	Author = {J. P. Huelsenbeck and B. Rannala and B. Larget},
	Journal = {Evolution},
	Pages = {353--364},
	Title = {A {B}ayesian framework for the analysis of cospeciation},
	Volume = 54,
	Year = 2000}

@article{huelsenbeck01a,
	Author = {J. P. Huelsenbeck and J. P. Bollback},
	Journal = {Systematic Biology},
	Pages = {351--366},
	Title = {Empirical and hierarchical bayesian estimation of ancestral states},
	Volume = 50,
	Year = 2001}

@article{huelsenbeck01b,
	Author = {J. P. Huelsenbeck and F. Ronquist and R. Nielsen and J. Bollback},
	Journal = {Science},
	Pages = {2310--2314},
	Title = {{B}ayesian inference of phylogeny and its impact on evolutionary biology},
	Volume = 294,
	Year = 2001}

@article{huelsenbeck01c,
	Author = {J. P. Huelsenbeck and F. Ronquist},
	Journal = {Bioinformatics},
	Pages = {754--755},
	Title = {{MRBAYES}: {B}ayesian inference of phylogenetic trees},
	Volume = 17,
	Year = 2001}

@article{huelsenbeck02a,
	Author = {J. P. Huelsenbeck},
	Journal = {Molecular Biology and Evolution},
	Pages = {698--707},
	Title = {Testing a covariotide model of DNA substitution},
	Volume = 19,
	Year = 2002}

@article{huelsenbeck02b,
	Author = {J. P. Huelsenbeck and J. P. Bollback and A. M. Levine},
	Journal = {Systematic Biology},
	Pages = {32--43},
	Title = {Inferring the root of a phylogenetic tree},
	Volume = 51,
	Year = 2002}

@article{huelsenbeck03,
	Author = {J. P. Huelsenbeck and R. Nielsen and J. P. Bollback},
	Journal = {Systematic Biology},
	Pages = {131--158},
	Title = {Stochastic mapping of morphological characters},
	Volume = 52,
	Year = 2003}

@article{huelsenbeck03b,
	Author = {J. P. Huelsenbeck and K. M. Lander},
	Journal = {Systematic Biology},
	Pages = {641--648},
	Title = {Frequent inconsistency of parsimony under a simple model of cladogenesis},
	Volume = 52,
	Year = 2003}

@article{huelsenbeck02c,
	Author = {J. P. Huelsenbeck and N. S. Imennov},
	Journal = {Systematic Biology},
	Pages = {155--165},
	Title = {Geographic origin of human mitochondrial {DNA}: {A}ccommodating phylogenetic uncertainty and model comparison},
	Volume = 51,
	Year = 2002}

@inproceedings{huelsenbeck05a,
	Author = {J. P. Huelsenbeck and F. Ronquist},
	Booktitle = {Statistical {M}ethods in {M}olecular {E}volution},
	Editor = {R. Nielsen},
	Publisher = {Springer-Verlag},
	Title = {{B}ayesian Analysis of molecular evolution using {MrBayes}},
	Year = 2005}

@article{huelsenbeck04b,
	Author = {J. P. Huelsenbeck and B. Rannala},
	Journal = {Systematic Biology},
	Pages = {904--913},
	Title = {Frequentist properties of Bayesian posterior probabilities of phylogenetic trees under simple and complex substitution models},
	Volume = 53,
	Year = 2004}

@article{huelsenbeck04c,
	Author = {J. P. Huelsenbeck and K. Dyer},
	Journal = {Journal of Molecular Evolution},
	Pages = {661--672},
	Title = {Bayesian estimation of positively selected sites},
	Volume = 58,
	Year = 2004}

@article{huelsenbeck04d,
	Author = {J. P. Huelsenbeck and B. Larget and M. E. Alfaro},
	Journal = {Molecular Biology and Evolution},
	Pages = {1123--1133},
	Title = {Bayesian phylogenetic model selection using reversible jump {M}arkov chain {M}onte {C}arlo},
	Volume = 21,
	Year = 2004}

@inproceedings{huelsenbeck05,
	Author = {J. P. Huelsenbeck and F. Ronquist},
	Booktitle = {Statistical Methods in Molecular Evolution},
	Editor = {R. Nielsen},
	Pages = {183--232},
	Publisher = {Springer-Verlag},
	Title = {Bayesian analysis of molecular evolution using {MrBayes}},
	Year = 2005}

@article{huelsenbeck06,
	Author = {J. P. Huelsenbeck and S. Jain and S. W. D. Frost and S. L. Kosakovsky Pond},
	Journal = {Proceedings of the National Academy of Science, U.S.A.},
	Pages = {6263--6268},
	Title = {A {D}irichlet process model for detecting positive selection in protein-coding {DNA} sequences},
	Volume = 103,
	Year = 2006}

@article{huelsenbeck07a,
	Author = {J. P. Huelsenbeck and P. Andolfatto},
	Journal = {Genetics},
	Pages = {1787--1802},
	Title = {Inference of population structure under a {D}irichlet process model},
	Volume = 175,
	Year = 2007}

@article{huelsenbeck07b,
	Author = {J. P. Huelsenbeck and M. Suchard},
	Journal = {Systematic Biology},
	Pages = {975--987},
	Title = {A Nonparametric Method for Accommodating and Testing Across-Site Rate Variation},
	Volume = 56,
	Year = 2007}

@article{huelsenbeck08a,
	Author = {J. P. Huelsenbeck and C. An\'e and B. Larget and F. Ronquist},
	Journal = {Systematic Biology},
	Pages = {406--419},
	Title = {A {B}ayesian perspective on a non-parsimonious parsimony model},
	Volume = 57,
	Year = 2008}

@article{huelsenbeck08b,
	Author = {J. P. Huelsenbeck and P. Joyce and C. Lakner and F. Ronquist},
	Journal = {Proceedings of the Royal Society of London, B},
	Pages = {3941--3953},
	Title = {Bayesian analysis of amino acid substitution models},
	Volume = 363,
	Year = {2008}}

@article{huelsenbeck11a,
	Author = {J. P. Huelsenbeck and P. Andolfatto and E. T. Huelsenbeck},
	Journal = {Evolutionary Bioinformatics},
	Pages = {55--59},
	Title = {Structurama: {B}ayesian inference of population structure},
	Volume = 7,
	Year = {2011}}

@book{hull88,
	Address = {Chicago},
	Author = {D. L. Hull},
	Publisher = {University of Chicago Press},
	Title = {Science as a {P}rocess. {A}n {E}volutionary {A}ccount of the {S}ocial and {C}onceptual {D}evelopment of {S}cience},
	Year = 1988}

@inproceedings{humphries81,
	Author = {C. J. Humphries},
	Booktitle = {Advances in {C}ladistics. {P}roceedings of the {F}irst {M}eeting of the {W}illi {H}ennig {S}ociety},
	Editor = {V. A. Funk and D. R. Brooks},
	Pages = {177--207},
	Publisher = {New York Botanical Garden, Bronx, NY},
	Title = {Biogeographical methods and the southern beeches ({F}agaceae: {N}othofagus)},
	Year = 1981}

@article{hunt07,
	Author = {T. Hunt and J. Bergsten and Z. Levkanicova and A. Papadopoulou and O. St. John and R. Wild and P. M. Hammond and D. Ahrens and M. Balke and M. S. Caterino and J. G\'omez-Zurita and I. Ribera and T. G. Barraclough and M. Bocakova and L. Bocak and A. P. Vogler},
	Journal = {Science},
	Pages = {1913--1916},
	Title = {A comprehensive phylogeny of {B}eetles reveals the evolutionary origins of a superradiation},
	Volume = 318,
	Year = 2007}

@article{ihaka96,
	Author = {R. Ihaka and R. Gentleman},
	Journal = {Journal of Computational and Graphical Statistics},
	Pages = {299--314},
	Title = {R: {A} Language for data analysis and graphics},
	Volume = 5,
	Year = 1996}

@article{jackman99,
	Author = {T. R. Jackman and A. Larson and K. de Queiroz and J. B. Losos},
	Journal = {Systematic Biology},
	Pages = {254--285},
	Title = {Phylogenetic relationshiops ad tempo of early diversification in {\it {A}nolis} lizards},
	Volume = 48,
	Year = 1999}

@article{jain02,
	Author = {R. Jain and M. Rivera and J. Moore and J. Lake},
	Journal = {Theoretical Population Biology},
	Pages = {489--495},
	Title = {Horizontal gene transfer in microbial genome evolution},
	Volume = 61,
	Year = 2002}

@article{jain99,
	Author = {R. Jain and M. Rivera and J. Lake},
	Journal = {Proceedings of the National Academy of Sciences, USA},
	Pages = {3801--3806},
	Title = {Horizontal gene transfer among genomes: the complexity hypothesis},
	Volume = 96,
	Year = 1999}

@article{jain04,
	Author = {S. Jain and R. M. Neal},
	Journal = {Journal of Computational and Graphical Statistics},
	Pages = {158--182},
	Title = {A split-merge {M}arov chain {M}onte {C}arlo procedure for the {D}irichlet process mixture model},
	Volume = 13,
	Year = 2004}

@article{jain07,
	Author = {S. Jain and R. M. Neal},
	Journal = {Bayesian analysis},
	Pages = {445--473},
	Title = {Splitting and merging components of a nonconjugate {D}irichlet process mixture model},
	Volume = 2,
	Year = 2007}

@inproceedings{jefferies79,
	Author = {R. P. S. Jefferies},
	Booktitle = {The {O}rigin of {M}ajor {I}nvertebrate {G}roups},
	Editor = {M. R. House},
	Pages = {443--477},
	Publisher = {Academic Press},
	Title = {The origin of chordates --- a methodological essay},
	Year = 1979}

@article{jeffreys35,
	Author = {H. Jeffreys},
	Journal = {Proceedings of the Cambridge Philosophy Society},
	Pages = {203--222},
	Title = {Some tests of significance, treated by the theory of probability},
	Volume = 31,
	Year = 1935}

@book{jeffreys61,
	Address = {Oxford},
	Author = {H. Jeffreys},
	Publisher = {Oxford University Press},
	Title = {Theory of {P}robability},
	Year = 1961}

@article{jermann95,
	Author = {T. M. Jermann and J. G. Opitz and J. Stackhouse and S. A. Benner},
	Journal = {Nature},
	Pages = {108--110},
	Title = {Reconstructing the evolutionary history of the artiodactyl ribonuclease superfamily},
	Volume = 374,
	Year = 1995}

@article{jin90,
	Author = {L. Jin and M. Nei},
	Journal = {Molecular Biology and Evolution},
	Pages = {82--102},
	Title = {Limitations of the evolutionary parsimony method of phylogenetic analysis},
	Volume = 7,
	Year = 1990}

@article{jin91,
	Author = {L. Jin and M. Nei},
	Journal = {Molecular Biology and Evolution},
	Pages = {356--365},
	Title = {Relative efficiencies of the maximum-parsimony and distance-matrix methods of phylogeny construction for restriction data},
	Volume = 8,
	Year = 1991}

@article{jones92,
	Author = {D. T. Jones and W. R. Taylor and J. M. Thornton},
	Journal = {Computer Applications in the Biosciences (CABIOS)},
	Pages = {275--282},
	Title = {The rapid generation of mutation data matrices from protein sequences},
	Volume = 8,
	Year = 1992}

@article{jones96,
	Author = {D. T. Jones and J. M. Thornton},
	Journal = {Curr. Opin. Struct. Biol.},
	Pages = {210--216},
	Title = {Potential energy functions for threading},
	Volume = 6,
	Year = 1996}

@article{jordan04,
	Author = {M. I. Jordan},
	Journal = {Statistical Science},
	Pages = {140--155},
	Title = {Graphical models},
	Volume = 19,
	Year = 2004}

@book{joset93,
	Address = {Oxford},
	Author = {F. Joset and J. Guespin-Michel},
	Publisher = {Blackwell Scientific Publications},
	Title = {Prokaryotic {G}enetics},
	Year = 1993}

@inproceedings{jukes69,
	Author = {T. H. Jukes and C. R. Cantor},
	Booktitle = {Mammalian {P}rotein {M}etabolism},
	Editor = {H. N. Munro},
	Pages = {21--123},
	Publisher = {Academic Press},
	Title = {Evolution of protein molecules},
	Year = 1969}

@article{kashyap74,
	Author = {R. L. Kashyap and S. Subas},
	Journal = {Journal of Theoretical Biology},
	Pages = {75-101},
	Title = {Statistical estimation of parameters in a phylogenetic tree using a dynamic model of the substitutional process},
	Volume = 47,
	Year = 1974}

@article{kass95,
	Author = {R. E. Kass and A. E. Raftery},
	Journal = {Journal of the American Statistical Association},
	Pages = {773--795},
	Title = {Bayes factors},
	Volume = 90,
	Year = 1995}

@article{kathirithamby78,
	Author = {J. Kathirithamby},
	Journal = {Biological Journal of the Linnean Society},
	Pages = {163--179},
	Title = {The effects of stylopisation on the sexual development of {{\it Javesella dubia}} ({K}irschbaum) ({H}omoptera: {D}elphacidae)},
	Volume = 10,
	Year = 1978}

@article{kathirithamby89,
	Author = {J. Kathirithamby},
	Journal = {Systematic Entomology},
	Pages = {41--92},
	Title = {A review of the order {S}trepsiptera},
	Volume = 14,
	Year = 1989}

@article{kathirithamby98,
	Author = {J. Kathirithamby},
	Journal = {International Journal of Insect Morphology and Embryology},
	Pages = {1--2},
	Title = {Introductory remarks},
	Volume = 27,
	Year = 1998}

@article{katoh02,
	Author = {K. Katoh and K. Misawa and K. Kuma and T. Miyata},
	Journal = {Nucleic Acids Research},
	Pages = {3059--3066},
	Title = {{MAFFT}: {A} novel method for rapid multiple sequence alignment based on fast {F}ourier transform},
	Volume = 30,
	Year = 2002}

@article{kawahara09,
	Author = {R. Kawahara and M. Miya and K. Mabuchi and T. J Near and N. Nishida},
	Journal = {Molecular Phylogenetics and Evolution},
	Pages = {401--404},
	Title = {Stickleback phylogenies resolved: {E}vidence from mitochondrial genomes and 11 nuclear genes},
	Volume = 50,
	Year = 2009}

@article{kellis03,
	Author = {M. Kellis and N. Patterson and M. Endrizzi and B. Birren and E. S. Lander},
	Journal = {Nature},
	Pages = {241--254},
	Title = {Sequencing and comparison of yeast species to identify genes and regulatory elements},
	Volume = 423,
	Year = 2003}

@article{kendall48,
	Author = {D. G. Kendall},
	Journal = {Annual Review of Mathematical Statistics},
	Pages = {1--15},
	Title = {On the generalized ``birth-death'' process},
	Volume = 19,
	Year = 1948}

@article{keller99,
	Author = {M. P. Keller and B. A. Seifried and P. F. Chance},
	Journal = {Molecular Biology and Evolution},
	Pages = {1019--1026},
	Title = {Molecular evolution of the {CMT1A-REP} region: a human- and chimpanzee-specific repeat},
	Volume = 16,
	Year = 1999}

@article{kidd71,
	Author = {K. K. Kidd and L. A. Sgaramella-Zonta},
	Journal = {American Journal of Human Genetics},
	Pages = {235--252},
	Title = {Phylogenetic analysis: {C}oncepts and methods},
	Volume = 23,
	Year = 1971}

@article{kim08,
	Author = {J. Kim and M. J. Sanderson},
	Journal = {Systematic Biology},
	Pages = {665--674},
	Title = {Penalized likelihood phylogenetic inference: {B}ridging the parsimony-likelihood gap},
	Volume = 57,
	Year = 2008}

@article{kimura80,
	Author = {M. Kimura},
	Journal = {Journal of Molecular Evolution},
	Pages = {111--120},
	Title = {A simple method for estimating evolutionary rates of base substitutions through comparative studies of nucleotide sequences},
	Volume = 16,
	Year = 1980}

@article{kimura81,
	Author = {M. Kimura},
	Journal = {Proceedings of the National Academy of Sciences, USA},
	Pages = {454--458},
	Title = {Estimation of evolutionary distances between homologous nucleotide sequences},
	Volume = 78,
	Year = 1981}

@article{kingman82a,
	Author = {J. F. C. Kingman},
	Journal = {Stochastic Processes and their Applications},
	Pages = {235--248},
	Title = {The coalescent},
	Volume = 13,
	Year = 1982}

@inproceedings{kingman82b,
	Author = {J. F. C. Kingman},
	Booktitle = {Exchangeability in {P}robability and {S}tatistics},
	Editor = {G. Koch and F. Spizzichino},
	Pages = {97--112},
	Publisher = {North-Holland},
	Title = {Exchangeability and the evolution of large populations},
	Year = 1982}

@inproceedings{kingman82c,
	Author = {J. F. C. Kingman},
	Booktitle = {Essays in {S}tatistical {S}cience: {P}apers in {H}onour of {P. A. P. M}oran, Journal of Applied Probability, Special Volume 19A},
	Editor = {J. Gani and E. J. Hannan},
	Pages = {27--43},
	Publisher = {Applied Probability Trust},
	Title = {On the genealogy of large populations},
	Year = 1982}

@article{kinzelbach71,
	Author = {R. K. Kinzelbach},
	Journal = {Zoologica},
	Pages = {1--256},
	Title = {Morphologische Befunde an F{\"a}cherfl{\"u}glern und ihre phylogenetische bedeutung ({I}nsecta: {S}trepsiptera)},
	Volume = 119,
	Year = 1971}

@article{kirkpatrick93,
	Author = {M. Kirkpatrick and M. Slatkin},
	Journal = {Evolution},
	Pages = {1171--1181},
	Title = {Searching for evolutionary patterns in the shape of a phylogenetic tree},
	Volume = 47,
	Year = 1993}

@article{kishino90,
	Author = {H. Kishino and T. Miyata and M. Hasegawa},
	Journal = {Journal of Molecular Evolution},
	Pages = {151--160},
	Title = {Maximum likelihood inference of protein phylogeny and th origin of chloroplasts},
	Volume = 31,
	Year = 1990}

@inproceedings{kishino90b,
	Author = {H. Kishino and M. Hasegawa},
	Booktitle = {Methods in Enzymology},
	Editor = {R. F. Doolittle},
	Pages = {550--5570},
	Title = {Converting distance to time: Application to human evolution},
	Year = 1990}

@article{kishino01,
	Author = {H. Kishino and J. L. Thorne and W. Bruno},
	Journal = {Molecular Biology and Evolution},
	Pages = {352--361},
	Title = {Performance of a divergence time estimation method under a probabilistic model of rate evolution},
	Volume = 18,
	Year = 2001}

@book{kolmogorov33,
	Address = {Berlin},
	Author = {A. N. Kolmogorov},
	Publisher = {Springer-Verlag},
	Title = {Grundbegriffe der {W}ahrscheinlichkeitsrechnung},
	Year = 1933}

@article{konings87,
	Author = {D. A. Konings and P. Hogeweg and B. Hesper},
	Journal = {Molecular Biology and Evolution},
	Pages = {300--314},
	Title = {Evolution of the primary and secondary structures of {E1a} m{RNA}s of the adenovirus},
	Volume = 4,
	Year = 1987}

@article{kosiol07,
	Author = {Carolin Kosiol and Ian Holmes and Nick Goldman},
	Journal = {Molecular Biology and Evolution},
	Pages = {1464--1479},
	Title = {An empirical codon model for protein sequence evolution},
	Volume = {24},
	Year = {2007}}

@article{klosterman06,
	Author = {P. S. Klosterman and A. V. Uzilov and Y. R. Bendana and R. K. Bradley and S. Chao and C. Kosiol and N. Goldman and I. Holmes},
	Journal = BMCBI,
	Number = 428,
	Title = {{XRate}: a fast prototyping, training and annotation tool for phylo-grammars},
	Volume = 7,
	Year = 2006}

@article{kluge89,
	Author = {A. G. Kluge},
	Journal = {Systematic Zoology},
	Pages = {151--158},
	Title = {A concern for evidence and a phylogenetic hypothesis of relationships among {E}picarates ({B}oidae, {S}erpentes)},
	Volume = 14,
	Year = 1989}

@article{kluge97a,
	Author = {A. G. Kluge},
	Journal = {Cladistics},
	Pages = {81--96},
	Title = {Testability and the refutation and corroboration of cladistic hypotheses},
	Volume = 13,
	Year = 1997}

@article{kluge97b,
	Author = {A. G. Kluge and J. S. Farris},
	Journal = {Systematic Zoology},
	Pages = {1--32},
	Title = {Quantitative phyletics and the evolution of anurans},
	Volume = 18,
	Year = 1969}

@article{kluge98,
	Author = {A. G. Kluge},
	Journal = {Cladistics},
	Pages = {151--158},
	Title = {Total evidence or taxonomic congruence: {C}ladistics or consensus classification},
	Volume = 14,
	Year = 1998}

@article{kluge69,
	Author = {A. G. Kluge and J. S. Farris},
	Journal = {Systematic Zoology},
	Pages = {1--32},
	Title = {Quantitative phyletics and the evolution of anurans},
	Volume = 18,
	Year = 1969}

@article{kluge93,
	Author = {A. G. Kluge and A. J. Wolf},
	Journal = {Cladistics},
	Pages = {183--199},
	Title = {Cladistics: {W}hat's in a word?},
	Volume = 9,
	Year = 1993}

@article{knudsen03,
	Author = {B. Knudsen and M. Miyamoto},
	Journal = JMB,
	Number = 2,
	Pages = {453--460},
	Title = {Sequence Alignments and Pair Hidden {M}arkov Models Using Evolutionary History},
	Volume = 333,
	Year = 2003}

@inproceedings{kraut90,
	Author = {R. E. Kraut and C. Egido and J. Galegher},
	Booktitle = {Intellectual {T}eamwork},
	Editor = {R. E. Kraut and C. Egido},
	Publisher = {Earlbaum, Hillsdale},
	Title = {Patterns of contact and communication in scientific research collaboration},
	Year = 1990}

@article{krogh97,
	Author = {A. Krogh},
	Journal = {Proc. Int. Conf. Intell. Syst. Mol. Biol.},
	Pages = {179--186},
	Title = {Two methods for improving performance of a {HMM} and their application for gene finding},
	Volume = 5,
	Year = 1997}

@article{kruspe07,
	Author = {M. Kruspe and P. F. Stadler},
	Journal = {BMC Bioinformatics},
	Pages = {254},
	Title = {{{P}rogressive multiple sequence alignments from triplets}},
	Volume = {8},
	Year = {2007}}

@article{kuhner94,
	Author = {M. Kuhner and J. Felsenstein},
	Journal = {Molecular Biology and Evolution},
	Pages = {459--468},
	Title = {A simulation comparison of phylogeny algorithms under equal and unequal evolutionary rates},
	Volume = 11,
	Year = 1994}

@article{kuhner95,
	Author = {M. Kuhner and J. Yamato and J. Felsenstein},
	Journal = {Genetics},
	Pages = {1421--1430},
	Title = {Estimating effective population size and mutation rate from sequence data using {M}etropolis-{H}astings sampling},
	Volume = 140,
	Year = 1995}

@article{kullback51,
	Author = {S. Kullback and R. A. Leibler},
	Journal = {Annals of Mathematical Statistics},
	Pages = {79--86},
	Title = {On information and sufficiency},
	Volume = 22,
	Year = 1951}

@article{lake91,
	Author = {J. A. Lake},
	Journal = {Molecular Biology and Evolution},
	Pages = {378--385},
	Title = {The order of sequence alignment can bias the selection of tree topology},
	Volume = 8,
	Year = 1991}

@article{larget99,
	Author = {B. Larget and D. L. Simon},
	Journal = {Molecular Biology and Evolution},
	Pages = {750--759},
	Title = {Markov chain {M}onte {C}arlo algorithms for the {B}ayesian analysis of phylogenetic trees},
	Volume = 16,
	Year = 1999}

@article{larget05,
	Author = {B. Larget and D. L. Simon and J. B. Kadane},
	Journal = {Molecular Biology and Evolution},
	Pages = {486--495},
	Title = {A Bayesian analysis of metazoan mitochondrial genome arrangements},
	Volume = 22,
	Year = 2005}

@article{larsen93,
	Author = {N. Larsen and C. Zwieb},
	Journal = {Nucleic Acids Research},
	Pages = {3019--3020},
	Title = {The signal recognition particle database (SRPDB)},
	Volume = 21,
	Year = 1993}

@article{li00,
	Author = {S. Li and H. Doss and D. Pearl},
	Journal = {Journal of the American Statistical Society},
	Pages = {493--508},
	Title = {Phylogenetic tree reconstruction using {M}arkov chain {M}onte {C}arlo},
	Volume = 95,
	Year = 2000}

@book{liu01,
	Address = {New York},
	Author = {J. S. Liu},
	Publisher = {Springer},
	Title = {Monte {C}arlo strategies in scientific computing},
	Year = 2001}

@article{li00,
	Author = {S. Li and H. Doss and D. Pearl},
	Journal = {Journal of the American Statistical Society},
	Pages = {493--508},
	Title = {Phylogenetic tree reconstruction using {M}arkov chain {M}onte {C}arlo},
	Volume = 95,
	Year = 2000}

@article{lakner08,
	Author = {C. Lakner and P. van der Mark and J. P. Huelsenbeck and B. Larget and F. Ronquist},
	Journal = {Systematic Biology},
	Pages = {86--103},
	Title = {Efficiency of {MCMC} proposals in {B}ayesian phylogenetics},
	Year = 2008}

@article{lamping95,
	Author = {J. Lamping and R. Rao and P. Pirolli},
	Journal = {Proceedings of Human Factors in Computing Systems},
	Pages = {401--408},
	Title = {A focus+context technique based on hyperbolic geometry for visualizing large hierarchies},
	Year = 1995}

@article{lanave84,
	Author = {C. Lanave and G. Preparata and C. Saccone and G. Serio},
	Journal = {Journal of Molecular Evolution},
	Pages = {86--93},
	Title = {A new method for calculating evolutionary substitution rates},
	Volume = 20,
	Year = 1984}

@article{landis12,
	Author = {M. J. Landis and N. J. Matzke and B. R. Moore and J. P. Huelsenbeck},
	Journal = {Submitted},
	Title = {Statistical Analysis of Biogeography when the Number of Areas is Large}}

@article{larget98,
	Author = {B. Larget and D. Simon},
	Journal = {Technical Report 98-02, Department of Mathematics and Computer Science, Duquesne University, Pittsburgh, Pennsylvania},
	Title = {Faster likelihood calculations on trees},
	Year = 1998}

@article{lavine99,
	Author = {M. Lavine and M. J. Schervish},
	Journal = {American Statistician},
	Pages = {119--122},
	Title = {Bayes factors: {W}hat they are and what they are not},
	Volume = 53,
	Year = 1999}

@article{laplace74,
	Author = {P. S. Laplace},
	Journal = {M{\'e}moires de l'Acad{\'e}mie Royale des Sciences Present{\'e}s par Divers Savans},
	Pages = {621--656},
	Title = {M{\'e}moire sur la probabilit{\'e} des causes le {\'ev\`e}nemens},
	Volume = 6,
	Year = 1774}

@book{laplace12,
	Address = {Paris},
	Author = {P. S. Laplace},
	Publisher = {Unknown Publisher},
	Title = {Th{\'e}orie {A}nalytique des {P}robabilit{\'e}s},
	Year = 1812}

@article{lartillot04,
	Author = {N. Lartillot and H. Philippe},
	Journal = {Molecular Biology and Evolution},
	Pages = {1095--1109},
	Title = {A {B}ayesian mixture model for across-site heterogeneities in the amino-acid replacement process},
	Volume = 21,
	Year = 2004}

@article{lartillot06,
	Author = {N. Lartillot and H. Philippe},
	Journal = {Systematic Biology},
	Pages = {195--207},
	Title = {Computing {B}ayes factors using Theromodynamic integration},
	Volume = 55,
	Year = 2006}

@article{lartillot11,
	Author = {Lartillot, N. and Poujol, R.},
	Journal = {Molecular Biology and Evolution},
	Pages = {729--744},
	Title = {A phylogenetic model for investigating correlated evolution of substitution rates and continuous phenotypic characters},
	Year = {2011}}

@book{lauritzen96,
	Address = {Oxford},
	Author = {S. L. Lauritzen},
	Publisher = {Clarendon Press},
	Title = {Graphical Models},
	Year = 1996}

@article{lawrence97,
	Author = {J. Lawrence and H. Ochman},
	Journal = {Journal of Molecular Evolution},
	Pages = {383--397},
	Title = {Amelioration of bacterial genomes: rates of change and exchange},
	Volume = 44,
	Year = 1997}

@article{lawrence99,
	Author = {J. Lawrence},
	Journal = {Current Opinions in Microbiology},
	Pages = {519--523},
	Title = {Gene transfer, speciation and the evolution of bacterial genomes},
	Volume = 2,
	Year = 1999}

@article{lepage07,
	Author = {T. Lepage and D. Bryant and H. Philippe and N. Lartillot},
	Journal = {Molecular Biology and Evolution},
	Pages = {2669--2680},
	Title = {A general comparison of relaxed molecular clock models},
	Volume = 24,
	Year = 2007}

@article{lemey09,
	Author = {P. Lemey and A. Rambaut and A. J. Drummond and M. A. Suchard},
	Journal = {PLoS Computational Biology},
	Pages = {e1000520},
	Title = {Bayesian phylogeography finds its roots},
	Volume = 5,
	Year = 2009}

@article{lemey10,
	Author = {P. Lemey and A. Rambaut and J. J. Welch and M. A. Suchard},
	Journal = {Moleculate Biology and Evolution},
	Pages = {1877--1885},
	Title = {Phylogeography takes a relaxed random walk incontinuous space and time},
	Volume = 27,
	Year = 2010}

@article{lemmon08,
	Author = {A. A. Lemmon and E. M. Lemmon},
	Journal = {Systematic Biology},
	Pages = {544--561},
	Title = {A likelihood framework for estimating phylogeographic history on a continuous landscape},
	Volume = 57,
	Year = 2008}

@article{lewis98,
	Author = {P. O. Lewis},
	Journal = {Molecular Biology and Evolution},
	Pages = {277--283},
	Title = {A genetic algorithm for maximum-likelihood phylogeny inference using nucleotide sequence data},
	Volume = 15,
	Year = 1998}

@article{lewis01,
	Author = {P. O. Lewis},
	Journal = {Systematic Biology},
	Pages = {913--925},
	Title = {A likelihood approach to estimating phylogeny from discrete morphological character data},
	Volume = 50,
	Year = 2001}

@article{li85,
	Author = {W. -H. Li and C. -I Wu and C. -C Luo},
	Journal = {Molecular Biology and Evolution},
	Pages = {150--174},
	Title = {A new method for estimating synonymous and nonsynonymous rates of nucleotide substitution considering the relative likelihood of nucleotide and codon changes},
	Volume = 2,
	Year = 1985}

@article{li93,
	Author = {W. -H. Li},
	Journal = {Journal of Molecular Evolution},
	Pages = {96--99},
	Title = {Unbiased estimation of the rates of synonymous and nonsynonymous substitution},
	Volume = 36,
	Year = 1993}

@phdthesis{li96,
	Author = {S. Li},
	School = {Ohio State University},
	Title = {Phylogenetic tree construction using {M}arkov chain {M}onte {C}arlo},
	Year = 1996}

@article{li90,
	Author = {W. H. Li and M. Gouy and P. M. Sharp and C. O'Huigin and Y.-W. Yang},
	Journal = {Proceedings of the National Academy of Sciences, U.S.A.},
	Pages = {6703--6707},
	Title = {Molecular phylogeny of rodentia, lagomorpha, primates, artiodactyla, and carnivora and molecular clocks},
	Volume = 87,
	Year = 1990}

@article{leitner97,
	Author = {T. Leitner and S. Kumar and J. Albert},
	Journal = {Journal of Virology},
	Pages = {4761--4770},
	Title = {Tempo and mode of nucleotide substitutions in {\it gag} and {\it env} gene fragments in human immunodeficiency virus type 1 populations with a known transmission history},
	Volume = 71,
	Year = 1997}

@book{linnaeus58,
	Address = {London},
	Author = {C. Linnaeus},
	Publisher = {British Museum},
	Title = {Systema naturae. {R}egnum animale},
	Year = 1758}

@article{lohman11,
	Author = {D. J. Lohman, and M. de Bruyn, and T. Page, and K. von Rintelen, and R. Hall, and P. K. L. Ng, and H.-T. Shih, and G. R. Carvalho, and T. von Rintelen},
	Journal = {Annual Review of Ecology, Evolution, and Systematics},
	Pages = {205--226},
	Title = {Biogeography of the {I}ndo-{A}ustralian archipelago},
	Volume = {42},
	Year = {2011}}

@article{lunn00,
	Author = {D. J. Lunn and A. Thomas and N. Best and D. Spiegelhalter},
	Journal = {Statistics and Computing},
	Pages = {325--337},
	Title = {Win{BUGS} --- a {B}ayesian modelling framework: concepts, structure, and extensibility},
	Volume = 10,
	Year = 2000}

@incollection{lunter04,
	Author = {G. A. Lunter and A. J. Drummond and I. Mikl\'{o}s and J. Hein},
	Booktitle = {Statistical methods in Molecular Evolution},
	Editor = {R. Nielsen},
	Publisher = {Springer Verlag},
	Series = {Series in Statistics in Health and Medicine},
	Title = {Statistical Alignment: Recent Progress, New Applications, and Challenges},
	Year = 2004}

@article{losos98,
	Author = {J. B. Losos and T. R. Jackman and A. Larson and D. de Queiroz and L. Rodr\'iguez-Schettino},
	Journal = {Science},
	Pages = {2115--2118},
	Title = {Contingency and determinism in replicated adaptive radiations of island lizards},
	Volume = 279,
	Year = 1998}

@article{lunter07,
	Author = {G. A. Lunter},
	Journal = {Bioinformatics},
	Month = {Sep},
	Number = {18},
	Pages = {2485--2487},
	Title = {{{H}{M}{M}o{C}--a compiler for hidden {M}arkov models}},
	Volume = {23},
	Year = {2007}}

@article{luo07,
	Author = {R. Luo and A. L. Hipp and B. Larget},
	Journal = {Statistical Applications in Genetics and Molecular Biology},
	Pages = {1},
	Title = {A {B}ayesian model of {AFLP} marker evolution and phylogenetic inference},
	Volume = 6,
	Year = 2007}

@article{luo08,
	Author = {R. Luo and B. Larget},
	Journal = {The Annals of Applied Statistics},
	Pages = {[]--[]},
	Title = {Modeling substitution and indel processes for {AFLP} marker evolution and phylogenetic inference},
	Volume = [],
	Year = {In Press}}

@article{lutzoni00,
	Author = {F. Lutzoni and P. Wagner and V. Reeb and S. Zoller},
	Journal = {Systematic Biology},
	Pages = {628--651},
	Title = {Integrating ambiguously aligned regions of {DNA} sequences in phylogenetic analysis without violating positional homology},
	Volume = 49,
	Year = 2000}

@book{macarthur67,
	Address = {New Jersey},
	Author = {R. H. MacArthur and E. O. Wilson},
	Publisher = {Princeton University Press},
	Title = {The theory of island biogeography},
	Year = 1967}

@article{maeta98,
	Author = {Y. Maeta and K. Takahashi and N. Shimada},
	Journal = {International Journal of Insect Morphology and Embryology},
	Pages = {27--37},
	Title = {Host body size as a factor determining the egg complement of {S}trepsiptera, an insect parasite},
	Volume = 27,
	Year = 1998}

@article{maddison91,
	Author = {D. R. Maddison},
	Journal = {Systematic Zoology},
	Pages = {315--328},
	Title = {The discovery and importance of multiple islands of most-parsimonious trees},
	Volume = 40,
	Year = 1991}

@article{maddison89,
	Author = {W. P. Maddison},
	Journal = {Cladistics},
	Pages = {365--377},
	Title = {Reconstructing character evolution on polytomous cladograms},
	Volume = 5,
	Year = 1989}

@article{maddison92,
	Author = {D. R. Maddison and M. Ruvolo and D. L. Swofford},
	Journal = {Systematic Biology},
	Pages = {111--124},
	Title = {Geographic origins of human mitochondrial {DNA} phylogenetic inference from control region sequences},
	Volume = 41,
	Year = 1992}

@article{maddison97,
	Author = {W. P. Maddison},
	Journal = {Systematic Biology},
	Pages = {523--536},
	Title = {Gene trees in species trees},
	Volume = 46,
	Year = 1997}

@article{maddison06,
	Author = {W. P. Maddison and D. R. Maddison},
	Journal = {http://mesquiteproject.org},
	Title = {Mesquite: a modular system for evolutionary analysis, {V}ersion 1.12},
	Year = 2006}

@article{maguire52,
	Author = {B. A. Maguire and E. S. Pearson and A. H. A. Wynn},
	Journal = {Biometrika},
	Pages = {168--180},
	Title = {The time intervals between industrial accidents},
	Volume = 39,
	Year = 1952}

@book{malecot48,
	Address = {Paris},
	Author = {G. Mal\'ecot},
	Publisher = {Masson et Cie},
	Title = {Les {M}ath\'ematiques Dt {H}\'er\'edit\'e},
	Year = 1948}

@article{marshall06,
	Author = {D. C. Marshall and C. Simon and T. R. Buckley},
	Journal = {Systematic Biology},
	Pages = {993--1003},
	Title = {Accurate branch length estimation in partitioned {B}ayesian analyses requires accommodation of among-partition rate variation and attention to branch length priors},
	Volume = 55,
	Year = 2006}

@inproceedings{matsuda96,
	Author = {H. Matsuda},
	Booktitle = {Pacific {S}ymposium on {B}iocomputing},
	Editor = {L. Hunter and T. E. Klein},
	Pages = {512--523},
	Publisher = {World Scientific},
	Title = {Protein phylogenetic inference using maximum likelihood with a genetic algorithm},
	Year = 1996}

@article{mathews99,
	Author = {D. H. Mathews and J. Sabina and M. Zuker and D. H. Turner},
	Journal = {Journal of Molecular Biology},
	Pages = {911--940},
	Title = {Expanded sequence dependence of thermodynamic parameters improves prediction of {RNA} secondary structure},
	Volume = 288,
	Year = 1999}

@article{mathews02,
	Author = {D. H. Mathews and D. H. Turner},
	Journal = {Journal of Molecular Biology},
	Pages = {191--203},
	Title = {Dynalign: an algorithm for finding the secondary structure common to two RNA sequences},
	Volume = 317,
	Year = 2002}

@article{mathews06,
	Author = {D. H. Mathews and D. H. Turner},
	Journal = {Current Opinion in Structural Biology},
	Pages = {270--278},
	Title = {Prediction of {RNA} secondary structure by free energy minimization},
	Volume = 16,
	Year = 2006}

@phdthesis{mau96,
	Author = {B. Mau},
	School = {University of Wisconsin},
	Title = {Bayesian phylogenetic inference via {M}arkov chain {M}onte {C}arlo methods},
	Year = 1996}

@article{mau97,
	Author = {B. Mau and M. A. Newton},
	Journal = {Journal of Computational and Graphical Statistics},
	Pages = {122--131},
	Title = {Phylogenetic inference for binary data on dendograms using {M}arkov chain {M}onte {C}arlo},
	Volume = 6,
	Year = 1997}

@article{mau99,
	Author = {B. Mau and M. A. Newton and B. Larget},
	Journal = {Biometrics},
	Pages = {1--12},
	Title = {Bayesian phylogenetic inference via {M}arkov chain {M}onte {C}arlo methods},
	Volume = 55,
	Year = 1999}

@article{mcguire07,
	Author = {J. A. McGuire and C. C. Witt and D. L. Altshuler and J. V. Remsen},
	Journal = {Systematic Biology},
	Pages = {837--856},
	Title = {Phylogenetic systematics and biogeography of hummingbirds: {B}ayesian and maximum likelihood analyses of partitioned data and selection of an appropriate partitioning strategy},
	Volume = 56,
	Year = 2007}

@article{mckeown92,
	Author = {M. McKeown},
	Journal = {Annual Review of Cell Biology},
	Pages = {133--155},
	Title = {Alternative m{RNA} splicing},
	Volume = 8,
	Year = 1992}

@article{melefors93,
	Author = {O. Melefors and M. W. Hentze},
	Journal = {BioEssays},
	Pages = {85--90},
	Title = {Translational regulation by m{RNA}/protein interactions in eukaryotic cells: ferritin and beyond},
	Volume = 15,
	Year = 1993}

@article{messier97,
	Author = {W. Messier and C. B. Stewart},
	Journal = {Nature},
	Pages = {151--154},
	Title = {Episodic adaptive evolution of primate lysozymes},
	Volume = 385,
	Year = 1997}

@article{metropolis53,
	Author = {N. Metropolis and A. W. Rosenbluth and M. N. Rosenbluth and A. H. Teller and E. Teller},
	Journal = {Journal of Chemical Physics},
	Pages = {1087--1092},
	Title = {Equation of state calculations by fast computing machines},
	Volume = 21,
	Year = 1953}

@article{metzker02,
	Author = {M. L. Metzker and D. P. Mindell and X. M. Liu and R. G. Ptak and R. A. Gibbs and D. M. Hillis},
	Journal = {Proceedings of the National Academy of Sciences, U. S. A.},
	Pages = {14292--14297},
	Title = {Molecular evidence of {HIV}-1 transmission in a criminal case},
	Volume = 99,
	Year = 2002}

@article{meyer04,
	Author = {I. M. Meyer and R. Durbin},
	Journal = NAR,
	Number = 2,
	Pages = {776--783},
	Title = {Gene structure conservation aids similarity based gene prediction},
	Volume = 32,
	Year = 2004}

@article{michel00,
	Author = {F. Michel and M. Costa and I. Massire and E. Westhof},
	Journal = {Methods Enzymology},
	Pages = {491--510},
	Title = {Modeling {RNA} tertiary structure from patterns of sequence variation},
	Volume = 317,
	Year = 2000}

@article{miller88,
	Author = {W. Miller and E. W. Myers},
	Journal = BMB,
	Pages = {97--120},
	Title = {Sequence comparison with concave weighting functions},
	Volume = 50,
	Year = 1988}

@article{minin07,
	Author = {V. N. Minin and M. A. Suchard},
	Journal = {Journal of Mathematical Biology},
	Title = {Counting labeled transitions in continuous-time Markov models of evolution},
	Year = {2007}}

@article{miklos04,
	Author = {I. Mikl\'{o}s and G. Lunter and I. Holmes},
	Journal = MBE,
	Number = 3,
	Pages = {529--540},
	Title = {A long indel model for evolutionary sequence alignment},
	Volume = 21,
	Year = 2004}

@article{mitchison99,
	Author = {G. J. Mitchison},
	Journal = JME,
	Number = 1,
	Pages = {11-22},
	Title = {A probabilistic treatment of phylogeny and sequence alignment},
	Volume = 49,
	Year = 1999}

@article{miyake71,
	Author = {T. Miyake and I. Haruna and T. Shiba and Y. H. Itoh and K. Yamane and I. Watanabe},
	Journal = {Proceedings of the National Academy of Sciences, USA},
	Pages = {2022--2024},
	Title = {Grouping of {RNA} phages based on template specificity of their {RNA} replicases},
	Volume = 68,
	Year = 1971}

@article{miyamoto85,
	Author = {M. M. Miyamoto},
	Journal = {Cladistics},
	Pages = {186--189},
	Title = {Consensus cladograms and general classifications},
	Volume = 1,
	Year = 1985}

@article{miyata80,
	Author = {T. Miyata and T. Yasunaga},
	Journal = {Journal of Molecular Evolution},
	Pages = {23--36},
	Title = {Molecular evolution of m{RNA}: {A} method for estimating evolutionary rates of synonymous and amino acid substitutions from homologous nucleotide sequences and its application},
	Volume = 16,
	Year = 1980}

@article{mohri00,
	Author = {M. Mohri and F. Pereira and M. Riley},
	Journal = {ISCA ITRW Automatic Speech Recognition},
	Pages = {97--106},
	Title = {Weighted Finite-State Transducers in Speech Recognition},
	Year = 2000}

@article{moler78,
	Author = {C. Moler and C. Van Loan},
	Journal = {SIAM Review},
	Pages = {801--836},
	Title = {Nineteen dubious ways to compute the exponential of a matrix},
	Volume = 20,
	Year = 1978}

@article{morgenstern99,
	Author = {B. Morgenstern},
	Journal = {Bioinformatics},
	Pages = {211--218},
	Title = {{DIALIGN} 2: {i}mprovement of the segment-to-segment approach to multiple sequence alignment},
	Volume = 15,
	Year = 1999}

@article{morrison97,
	Author = {D. A. Morrison and J. T. Ellis},
	Journal = {Molecular Biology and Evolution},
	Pages = {428--441},
	Title = {Effects of nucleotide sequence alignment on phylogeny estimation: {A} case study of {18S} {rDNAs} of {\it {A}picomplexa}},
	Volume = 14,
	Year = 1997}

@article{moyle06,
	Author = {R. G. Moyle and J. Cracraft and M. Laim and J. Nais and F. H. Sheldon},
	Journal = {Molecular Phylogenetics and Evolution},
	Pages = {893--898},
	Title = {Reconsideration of the phylogenetic relationships of the enigmatic {B}ornean {B}ristlehead ({\it {P}ityriasis gymnocephala)}},
	Volume = 39,
	Year = 2006}

@article{mugridge00,
	Author = {N. B. Mugridge and D. A. Morrison and T. Jakel and A. R. Heckeroth and A. M. Tenter and A. M. Johnson},
	Journal = {Molecular Biology and Evolution},
	Pages = {1842--1853},
	Title = {Effects of sequence alignment and structural domains of ribosomal {DNA} on phylogeny reconstruction for the {P}rotozoan family {S}arcocystidae},
	Volume = 17,
	Year = 2000}

@article{muller00,
	Author = {T. Muller and M. Vingron},
	Journal = {Journal of Computational Biology},
	Pages = {761--776},
	Title = {Modeling amino acid replacement},
	Volume = 7,
	Year = 2000}

@article{munch08,
	Author = {K. Munch and W. Boomsmsa and J. P. Huelsenbeck and E. Willerslev and R. Nielsen},
	Journal = {Systematic Biology},
	Pages = {750--757},
	Title = {Statistical assignment of environmental {DNA} sequence},
	Volume = 57,
	Year = 2008}

@article{murphy01,
	Author = {W. J. Murphy and E. Eizirik and S. J. O'Brien and O. Madsen and M. Scally and C. Douady and E. Teeling and O. A. Ryder and M. Stanhope and W. W. De Jong and M. S. Springer},
	Journal = {Science},
	Pages = {2348--2351},
	Title = {Resolution of the early placental mammal radiation using {B}ayesian phylogenetics},
	Volume = 294,
	Year = 2001}

@article{muse94,
	Author = {S. V. Muse and B. S. Gaut},
	Journal = {Molecular Biology and Evolution},
	Pages = {715--724},
	Title = {A likelihood approach for comparing synonymous and nonsynonymous nucleotide substitution rates with application to the chloroplast genome},
	Volume = 11,
	Year = 1994}

@article{navidi91,
	Author = {W. C. Navidi and G. A. Churchill and A. von Haeseler},
	Journal = {Molecular Biology and Evolution},
	Pages = {128--143},
	Title = {Methods for inferring phylogenies from nucleic acid sequence data by using maximum likelihood and linear invariants},
	Volume = 8,
	Year = 1991}

@article{neal00,
	Author = {R. M. Neal},
	Journal = {Journal of Computational and Graphical Statistics},
	Pages = {249--265},
	Title = {Markov chain sampling methods for {D}irichlet process mixture models},
	Volume = 9,
	Year = 2000}

@article{nee94,
	Author = {S. Nee and R. M. May and P. H. Harvey},
	Journal = {Philosophical Transactions of the Royal Society of London B},
	Pages = {305--311},
	Title = {The reconstructed evolutionary process},
	Volume = 344,
	Year = 1994}

@article{needleman70,
	Author = {S. B. Needleman and C. D. Wunsch},
	Journal = JMB,
	Pages = {443--453},
	Title = {A General Method Applicable to the Search for Similarities in the Amino Acid Sequence of Two Proteins},
	Volume = 48,
	Year = 1970}

@inproceedings{nei91,
	Author = {M. Nei},
	Booktitle = {Phylogenetic {A}nalysis of {DNA} {S}equences},
	Editor = {M. M. Miyamoto and J. Cracraft},
	Pages = {90--128},
	Publisher = {Oxford University Press},
	Title = {Relative efficiencies of different tree-making methods for molecular data},
	Year = 1991}

@article{nei83,
	Author = {M. Nei and F. Tajima and Y. Tateno},
	Journal = {Journal of Molecular Evolution},
	Pages = {153--170},
	Title = {Accuracy of estimated phylogenetic trees from molecular data. {II}. {G}ene frequency data},
	Volume = 19,
	Year = 1983}

@article{nei86,
	Author = {M. Nei and T. Gojobori},
	Journal = {Molecular Biology and Evolution},
	Pages = {418--426},
	Title = {Simple methods for estimating the numbers of synonymous and nonsynonymous nucleotide substitutions},
	Volume = 3,
	Year = 1986}

@article{nielsen97,
	Author = {R. Nielsen},
	Journal = {Systematic Biology},
	Pages = {346--353},
	Title = {Site-by-site estimation of the rate of evolution and the correlation of rates in mitochondrial {DNA}},
	Volume = 46,
	Year = 1997}

@article{nielsen98,
	Author = {R. Nielsen and Z. Yang},
	Journal = {Genetics},
	Pages = {929--93},
	Title = {Likelihood models for detecting positively selected amino acid sites and applications to the {HIV-1} envelope gene},
	Volume = 148,
	Year = 1998}

@article{nielsen02,
	Author = {R. Nielsen},
	Journal = {Systematic Biology},
	Pages = {729--739},
	Title = {Mapping mutations on phylogenies},
	Volume = 51,
	Year = 2002}

@article{newton94,
	Author = {M. A. Newton and A. E. Raftery},
	Journal = {Journal of the Royal Statistical Society, B},
	Pages = {3--48},
	Title = {Approximate {B}ayesian inference by the weighted likelihood bootstrap},
	Volume = 56,
	Year = 1994}

@inproceedings{newton99,
	Author = {M. Newton and B. Mau and B. Larget},
	Booktitle = {Statistics in {M}olecular {B}iology and {G}enetics},
	Editor = {F. Seillier-Moseiwitch},
	Pages = {143--162},
	Publisher = {IMS Lecture Notes-Monograph Series, Volume 33},
	Title = {Markov chain {M}onte {C}arlo for the {B}ayesian analysis of evolutionary trees from aligned molecular sequences},
	Year = 1999}

@article{neyman48,
	Author = {J. Neyman and E. L. Scott},
	Journal = {Econometrica},
	Pages = {1--32},
	Title = {Consistent estimates based on partially consistent observations},
	Volume = 16,
	Year = 1948}

@inproceedings{neyman71,
	Author = {J. Neyman},
	Booktitle = {Statistical Decision Theory and Related Topics},
	Editor = {S. S. Gupta and J. Yackel},
	Pages = {1--27},
	Publisher = {Academic Press},
	Title = {Molecular studies of evolution: {A} source of novel statistical problems},
	Year = 1971}

@article{notredame00,
	Author = {C. Notredame and D. G. Higgins and J. Heringa},
	Journal = {Journal of Molecular Biology},
	Pages = {205--217},
	Title = {T-Coffee: A novel method for fast and accurate multiple sequence alignment},
	Volume = 302,
	Year = 2000}

@article{nylander04,
	Author = {J. A. A. Nylander and F. Ronquist and J. P. Huelsenbeck and J. L. Nieves Aldrey},
	Journal = {Systematic Biology},
	Pages = {47--67},
	Title = {Bayesian phylogenetic analysis of combined data},
	Volume = 53,
	Year = 2004}

@article{odonell59,
	Author = {C. A. O'Donell},
	Journal = {Lilloa},
	Pages = {87--343},
	Title = {Convolvulaceas argentinas},
	Volume = 29,
	Year = 1959}

@article{ooyen79,
	Author = {A. van Ooyen and J. van den Berg and N. Mantel and C. Weissmann},
	Journal = {Science},
	Pages = {337--344},
	Title = {Comparison of total sequence of a cloned rabbit $\beta$-globin gene and its flanking regions with a homologous mouse sequence},
	Volume = 206,
	Year = 1979}

@article{otha93,
	Author = {T. Otha},
	Journal = {Genetics},
	Pages = {1271--1276},
	Title = {Pattern of nucleotide substitutions in growth hormone-{P}rolactin gene family: {A} paradigm for evolution by gene duplication},
	Volume = 134,
	Year = 1993}

@article{ou92,
	Author = {C. -Y. Ou and C. A. Ciesielski and G. Myers and C. I. Bandea and C. -C. Luo and B. T. M. Korber and J. I. Mullins and G. Schochetman and R. L. Berkelman and A. N. Economou and J. J. Witte and L. J. Furman and G. A. Satten and K. A. MacInnes and J. W. Curran and H. W. Jaffe},
	Journal = {Science},
	Pages = {1165-1171},
	Title = {Molecular epidemiology of {HIV} transmission in a dental practice},
	Volume = 256,
	Year = 1992}

@book{owen43,
	Address = {London},
	Author = {R. Owen},
	Publisher = {Longman, Brown, Green, and Longmans},
	Title = {Lectures on the {C}omparative {A}natomy and {P}hysiology of the {I}nvertebrate {A}nimals, delivered at the {R}oyal {C}ollege of {S}urgeons},
	Year = 1843}

@article{page01,
	Author = {S. L. Page and M. Goodman},
	Journal = {Molecular Phylogenetics and Evolution},
	Pages = {14--25},
	Title = {Catarrhine phylogeny: noncoding {DNA} evidence for a diphyletic origin of the mangabeys and for a human-chimpanzee clade},
	Volume = 18,
	Year = 2001}

@article{pagel99,
	Author = {M. Pagel},
	Journal = {Systematic Biology},
	Pages = {612--622},
	Title = {The maximum likelihood approach to reconstructing ancestral character states of discrete characters on phylogenies},
	Volume = 48,
	Year = 1999}

@article{pagel04,
	Author = {M. Pagel and A. Meade},
	Journal = {Systematic Biology},
	Pages = {571--581},
	Title = {A phylogenetic mixture model for detecting pattern-heterogeneity in gene sequence or character-state data},
	Volume = 53,
	Year = 2004}

@inproceedings{pagel05,
	Author = {M. Pagel and A. Meade},
	Booktitle = {Mathematics of Evolution and Phylogeny},
	Editor = {O. Gascuel},
	Pages = {121--142},
	Publisher = {Oxford University Press},
	Title = {Mixture models in phylogenetic inference},
	Year = 2005}

@article{palumbi89,
	Author = {S. R. Palumbi},
	Journal = {Journal of Molecular Evolution},
	Pages = {180--187},
	Title = {Rates of molecular evolution and the function of nucleotide positions free to vary},
	Volume = 29,
	Year = 1989}

@article{pamilo88,
	Author = {P. Pamilo and M. Nei},
	Journal = {Molecular Biology and Evolution},
	Pages = {568--583},
	Title = {Relationships between gene trees and species trees},
	Volume = 5,
	Year = 1988}

@article{pamilo93,
	Author = {P. Pamilo and N. O. Bianchi},
	Journal = {Molecular Biology and Evolution},
	Pages = {271--281},
	Title = {Evolution of the {Z}fx and {Z}fv genes: {R}ates and interdependence between the genes},
	Volume = 10,
	Year = 1993}

@book{parenti09,
	Address = {Berkeley, California},
	Author = {L. R. Parenti and M. C. Ebach},
	Publisher = {University of California Press},
	Title = {Comparative {B}iogeography: {D}iscovering and {C}lassifying {B}iogeographical {P}atterns of a {D}ynamic E{}arth},
	Year = 2009}

@article{patterson88,
	Author = {C. Patterson},
	Journal = {Molecular Biology and Evolution},
	Pages = {603--625},
	Title = {Homology in classical and molecular biology},
	Volume = 5,
	Year = 1988}

@article{peacock75,
	Author = {D. Peacock and D. Boulter},
	Journal = {Journal of Molecular Biology},
	Pages = {513--527},
	Title = {Use of amino acid sequence data in phylogeny and evaluation of methods using computer simulation},
	Volume = 95,
	Year = 1975}

@article{pella06,
	Author = {J. Pella and M. Masuda},
	Journal = {Can. J. Fish. Aquat. Sci.},
	Pages = {576--596},
	Title = {The {G}ibbs and split-merge sampler for population mixture analysis from genetic data with incomplete baselines},
	Volume = 63,
	Year = 2006}

@article{peltz92,
	Author = {S. W. Peltz and A. Jacobson},
	Journal = {Current Opinion in Cell Biology},
	Pages = {979--983},
	Title = {m{RNA} stability: in trans-it},
	Volume = 4,
	Year = 1992}

@article{pettigrew86,
	Author = {J. D. Pettigrew},
	Journal = {Science},
	Pages = {1304--1306},
	Title = {Flying primates? {M}egabats have the advanced pathway from eye to midbrain},
	Volume = 231,
	Year = 1986}

@article{pettigrew91a,
	Author = {J. D. Pettigrew},
	Journal = {Systematic Zoology},
	Pages = {199--216},
	Title = {Wings or brain? {C}onvergent evolution in the origin of bats},
	Volume = 40,
	Year = 1991}

@article{pettigrew91b,
	Author = {J. D. Pettigrew},
	Journal = {Systematic Zoology},
	Pages = {231--239},
	Title = {A fruitful wrong hypothesis? {R}esponse to {B}aker, {N}ovacek, and {S}immons},
	Volume = 40,
	Year = 1991}

@article{pettigrew94,
	Author = {J. D. Pettigrew},
	Journal = {Systematic Zoology},
	Pages = {277--280},
	Title = {Flying {DNA}},
	Volume = 40,
	Year = 1994}

@article{pitman02,
	Author = {J. Pitman},
	Journal = {Technical Report 621, University of California at Berkeley, lecture notes for St. Flour Summer School},
	Title = {Combinatorial stochastic processes},
	Year = 2002}

@article{plaisant02,
	Author = {C. Plaisant and J. Grosjean and B. B. Bederson},
	Journal = {Proceedings of the Information Visualization Symposium},
	Pages = {57--64},
	Title = {{SpaceTree}: {S}upporting exploration in large node link tree, design evolution and empirical evaluation},
	Year = 2002}

@article{plummer06,
	Author = {M. Plummer and N. Best and K. Cowles and K. Vines},
	Journal = {R News},
	Pages = {7--11},
	Title = {{CODA}: Convergence Diagnosis and Output Analysis for {MCMC}},
	Year = 2006}

@article{pond04,
	Author = {S. L. Kosakovsky Pond and S. V. Muse},
	Journal = {Systematic Biology},
	Pages = {685--692},
	Title = {Column sorting: {R}apid calculation of the phylogenetic likelihood},
	Volume = 50,
	Year = 2004}

@book{popper59,
	Address = {New York},
	Author = {K. R. Popper},
	Publisher = {Basic Books},
	Title = {The {L}ogic of {S}cientific {D}iscovery},
	Year = 1959}

@book{popper83,
	Address = {London},
	Author = {K. R. Popper},
	Publisher = {Routledge},
	Title = {Realism and the {A}im of {S}cience. [{V}ol. 1. of the {P}ostscript to {T}he {L}ogic of {S}cientific {D}iscovery]},
	Year = 1983}

@inproceedings{posada03,
	Author = {D. Posada},
	Booktitle = {Current {P}rotocols in {B}ioinformatics},
	Editor = {A. D. Baxevanis and D. B. Davison and R. D. M. Page and G. A. Petsko and L. D. Stein and G. D. Stormo},
	Pages = {6.5.1--6.5.14},
	Publisher = {John Wiley \& Sons},
	Title = {Using {M}odeltest and {PAUP} to select a model of nucleotide substitution},
	Year = 2003}

@article{poux08,
	Author = {C. Poux and O. Madsen and J. Glos and W. W. de Jong and M. Vences},
	Journal = {BMC Evolutionary Biology},
	Pages = {102},
	Title = {Molecular phylogeny and divergence times of {M}alagasy tenrecs: {I}nfluence of data partitioning and taxon sampling on dating analyses},
	Volume = 8,
	Year = 2008}

@book{press92,
	Address = {Cambridge},
	Author = {W. H. Press and S. A. Teukolsky and W. T. Vetterling and B. P. Flannery},
	Publisher = {Cambridge University Press},
	Title = {Numerical {R}ecipes in {C}},
	Year = 1992}

@inproceedings{patterson82,
	Author = {C. Patterson},
	Booktitle = {Problems of {P}hylogenetic {R}econstruction},
	Editor = {K. A. Joysey and A. B. Friday},
	Pages = {21-74},
	Publisher = {Academic Press},
	Title = {Morphological Characters and Homology},
	Year = 1982}

@article{pritchard00,
	Author = {J. K. Pritchard and M. Stephens and P. Donnelly},
	Journal = {Genetics},
	Pages = {945--959},
	Title = {Inference of population structure using multilocus genotype data},
	Volume = 155,
	Year = 2000}

@article{ragan01,
	Author = {M. Ragan},
	Journal = {Curr. Opin. Genet. Dev.},
	Pages = {620--626},
	Title = {Detection of lateral gene transfer among microbial genomes},
	Volume = 11,
	Year = 2001}

@inproceedings{raftery96,
	Author = {A. Raftery},
	Booktitle = {Markov {C}hain {M}onte {C}arlo in {P}ractice},
	Editor = {W. R. Gilks and S. Richardson and D. J. Spiegelhalter},
	Pages = {163--187},
	Publisher = {Chapman and Hall},
	Title = {Hypothesis testing and model selection},
	Year = 1996}

@article{rambaut97,
	Author = {A. Rambaut and N. C. Grassly},
	Journal = {Computer Applications in the Biosciences},
	Pages = {235--238},
	Title = {{Seq-Gen}: an application for the {M}onte {C}arlo simulation of {DNA} sequence evolution along phylogenetic trees},
	Volume = 13,
	Year = 1997}

@misc{rambaut07,
	Author = {A. Rambaut and A. J. Drummond},
	Howpublished = {http://beast.bio.ed.ac.uk/Tracer},
	Title = {Tracer v1.4},
	Year = 2007}

@article{rannala98,
	Author = {B. Rannala and J. P. Huelsenbeck and Z. Yang and R. Nielsen},
	Journal = {Systematic Biology},
	Pages = {702--719},
	Title = {Taxon sampling and the accuracy of large phylogenies},
	Volume = 47,
	Year = 1998}

@article{rannala96,
	Author = {B. Rannala and Z. Yang},
	Journal = {Journal of Molecular Evolution},
	Pages = {304--311},
	Title = {Probability distribution of molecular evolutionary trees: {A} new method of phylogenetic inference},
	Volume = 43,
	Year = 1996}

@article{rannala07,
	Author = {B. Rannala and Z. Yang},
	Journal = {Systematic Biology},
	Pages = {453--466},
	Title = {Inferring speciation times under an episodic molecular clock},
	Volume = 56,
	Year = 2007}

@article{raup74,
	Author = {D. M. Raup and S. J. Gould},
	Journal = {Systematic Zoology},
	Pages = {305--322},
	Title = {Stochastic simulation and evolution of morphology---towards a nomothetic paleontology},
	Volume = 23,
	Year = 1974}

@article{raup73,
	Author = {D. M. Raup and S. J. Gould and T. J. M. Schopf and D. S. Simberloff},
	Journal = {Journal of Geology},
	Pages = {525--542},
	Title = {Stochastic models of phylogeny and the evolution of diversity},
	Volume = 81,
	Year = 1973}

@article{redelings05,
	Author = {B. D. Redelings and M. A. Suchard},
	Journal = {Systematic Biology},
	Pages = {401--418},
	Title = {Joint Bayesian estimation of alignment and phylogeny},
	Volume = 54,
	Year = 2005}

@article{redelings07,
	Author = {B. D. Redelings and M. A. Suchard},
	Journal = {BMC Evolutionary Biology},
	Pages = {40},
	Title = {Incorporating indel information into phylogeny estimation for rapidly emerging pathogens},
	Volume = 7,
	Year = 2007}

@article{ree05,
	Author = {R. H. Ree and B. R. Moore and C. O. Webb and M. J. Donoghue},
	Journal = {Evolution},
	Pages = {2299--2311},
	Title = {A likelihood framework for inferring the evolution of geographic range on phylogenetic trees},
	Volume = 59,
	Year = 2005}

@article{ree08,
	Author = {R. H. Ree and S. A. Smith},
	Journal = {Systematic Biology},
	Pages = {4--14},
	Title = {Maximum likelihood inference of geographic range evolution by dispersal, local extinction, and cladogenesis},
	Volume = 57,
	Year = 2008}

@article{ree09,
	Author = {R. H. Ree and I. Sanmart\'in},
	Journal = {Journal of Biogeography},
	Pages = {1211--1220},
	Title = {Prospects and challenges for parametric models in historical biogeographical inference},
	Volume = 36,
	Year = 2009}

@article{ribeiro98,
	Author = {S. Ribeiro and G. B. Golding},
	Journal = {Molecular Biology and Evolution},
	Pages = {779--788},
	Title = {The mosaic nature of the eukayote nucleus},
	Volume = 7,
	Year = 1998}

@book{rice95,
	Address = {Belmont, California},
	Author = {J. A. Rice},
	Publisher = {Duxbury Press},
	Title = {Mathematical {S}tatistics and {D}ata {A}nalysis},
	Year = 1995}

@article{ritland87,
	Author = {K. Ritland and M. T. Clegg},
	Journal = {American Naturalist},
	Pages = {S74--S100},
	Title = {Evolutionary analysis of plant {DNA} sequences},
	Volume = 130,
	Year = 1987}

@article{robbins18,
	Author = {R. B. Robbins},
	Journal = {Genetics},
	Pages = {73--92},
	Title = {Some applications of mathematics to breeding problems, {II}},
	Volume = 3,
	Year = 1918}

@inproceedings{robinson79,
	Author = {D. F. Robinson and L. R. Foulds},
	Booktitle = {Combinatorial Mathematics VI. Proceedings of the Sixth Australian Conference on Combinatorial Mathematics, Armidale, Australia, August 1978},
	Editor = {A. F. Horadam and W. D. Wallis},
	Pages = {119--126},
	Publisher = {Springer-Verlag},
	Title = {Comparison of weighted labelled trees},
	Year = 1979}

@article{robinson81,
	Author = {D. F. Robinson and L. R. Foulds},
	Journal = {Mathematical Biosciences},
	Pages = {131--147},
	Title = {Comparison of phylogenetic trees},
	Volume = 53,
	Year = 1981}

@article{robinson03,
	Author = {D. M. Robinson and D. T. Jones and H. Kishino and N. Goldman and J. L. Thorne},
	Journal = {Molecular Biology and Evolution},
	Pages = {1692--1704},
	Title = {Protein evolution with dependence among codons due to tertiary structure},
	Volume = 20,
	Year = 2003}

@article{rodrigue05,
	Author = {N. Rodrigue and N. Lartillot and D. Bryant and H. Philippe},
	Journal = {Gene},
	Pages = {207--217},
	Title = {Site interdependence attributed to tertiary structure in amino acid sequence evolution},
	Volume = 347,
	Year = 2005}

@article{rodrigue08,
	Author = {N. Rodrigue and H. Philippe and N. Lartillot},
	Journal = {Bioinformatics},
	Pages = {56--62},
	Title = {Uniformization for sampling realizations of {M}arkov processes: {A}pplications to {B}ayesian implementations of codon substitution models},
	Volume = 24,
	Year = 2008}

@article{rodriguez90,
	Author = {F. Rodriguez and J. F. Oliver and A. Marin and J. R. Medina},
	Journal = {Journal of Theoretical Biology},
	Pages = {485--501},
	Title = {The general stochastic model of nucleotide substitutions},
	Volume = 142,
	Year = 1990}

@article{rogers97,
	Author = {J. S. Rogers},
	Journal = {Systematic Biology},
	Pages = {354--357},
	Title = {On the consistency of maximum likelihood estimation of phylogenetic trees from nucleotide sequences},
	Volume = 46,
	Year = 1997}

@article{rogers98,
	Author = {J. S. Rogers and D. L. Swofford},
	Journal = {Systematic Biology},
	Pages = {77--89},
	Title = {A fast method for approximating maximum likelihoods of phylogenetic trees from nucleotide sequences},
	Volume = 47,
	Year = 1998}

@article{rohl04,
	Author = {C. A. Rohl and C. E. Strauss and K. M. Misura and D. Baker},
	Journal = {Methods of Enzymology},
	Pages = {66--93},
	Title = {Protein structure prediction using {R}osetta},
	Volume = 383,
	Year = 2004}

@article{ronquist97,
	Author = {Ronquist, F.},
	Journal = {Systematic Biology},
	Number = {1},
	Pages = {195--203},
	Title = {Dispersal-vicariance analysis: a new approach to the quantification of historical biogeography},
	Volume = {46},
	Year = {1997}}

@article{ronquist03,
	Author = {F. Ronquist and J. P. Huelsenbeck},
	Journal = {Bioinformatics},
	Pages = {1572--1574},
	Title = {MrBayes 3: {B}ayesian phylogenetic inference under mixed models},
	Volume = 19,
	Year = 2003}

@article{ronquist06,
	Author = {F. Ronquist and B. Larget and J. P. Huelsenbeck and J. B. Kadane and D. Simon and P. van der Mark},
	Journal = {Science},
	Pages = {367},
	Title = {Comment on `{P}hylogenetic {MCMC} algorithms are misleading on mixtures of trees},
	Volume = 312,
	Year = 2006}

@inproceedings{ronquist04,
	Author = {F. Ronquist and J. P. Huelsenbeck and T. Britton},
	Booktitle = {Phylogenetic supertrees: Combining information to reveal the tree of life, Computational Biology, Volume 4},
	Editor = {O. Bininda-Emonds},
	Pages = {193--224},
	Publisher = {Kluwer Academic Publishers, The Netherlands},
	Title = {Bayesian supertrees},
	Year = 2004}

@inproceedings{ronquist09,
	Author = {F. Ronquist and P. van der Mark and J. P. Huelsenbeck},
	Booktitle = {The Phylogenetic Handbook: A Practical Approach to Phylogenetic Analysis and Hypothesis Testing, Second Edition},
	Editor = {P. Lemey and M. Salemi and A. M. Vandamme},
	Pages = {1--1},
	Publisher = {Cambridge University Press},
	Title = {Bayesian analysis of molecular evolution using {MrBayes}},
	Year = 2009}

@article{ronquist11,
	Author = {Ronquist, F. and Sanmart{\'\i}n, I.},
	Journal = {Annual Review of Ecology, Evolution, and Systematics},
	Pages = {441--464},
	Publisher = {Annual Reviews},
	Title = {Phylogenetic methods in biogeography},
	Volume = {42},
	Year = {2011}}

@article{ross02,
	Author = {H. A. Ross and A. G. Rodrigo},
	Journal = {Journal of Virology},
	Pages = {11715--11720},
	Title = {Immune-mediated positive selection drives {H}uman {I}mmunodeficiency {V}irus {T}ype 1 molecular variation and predicts disease duration},
	Volume = 76,
	Year = 2002}

@article{rougemont07,
	Author = {J. Rougemont and B. Nyffeler and S. E. Antonarakis},
	Journal = {PLoS Genetics},
	Pages = {e2},
	Title = {Early history of mammals is elucidated with the {ENCODE} multiple species sequencing data},
	Volume = 3,
	Year = 2007}

@book{russell16,
	Address = {London},
	Author = {E. S. Russell},
	Publisher = {J. Murray},
	Title = {Form and {F}unction},
	Year = 1916}

@article{russell97,
	Author = {R. B. Russell and M. A. Saqi and R. A. Sayle and P. A. Bates and M. J. Sternberg},
	Journal = {Journal of Molecular Biology},
	Pages = {423--439},
	Title = {Recognition of analogous and homologous protein folds: analysis of sequence and structure conservation},
	Volume = 269,
	Year = 1997}

@article{rzhetsky95,
	Author = {A. Rzhetsky},
	Journal = {Genetics},
	Pages = {771--783},
	Title = {Estimating substitution rates in ribosomal {RNA} genes},
	Volume = 141,
	Year = 1995}

@book{robert02,
	Address = {New York},
	Author = {C. P. Robert and G. Casella},
	Publisher = {Springer},
	Title = {Monte {C}arlo {S}tatistical {M}ethods},
	Year = 2002}

@article{sackin72,
	Author = {M. J. Sackin},
	Journal = {Systematic Zoology},
	Pages = {225--226},
	Title = {``Good'' and ``bad'' phenograms},
	Volume = 21,
	Year = 1972}

@article{saitou87,
	Author = {N. Saitou and M. Nei},
	Journal = {Molecular Biology and Evolution},
	Pages = {406--425},
	Title = {The neighbor-joining method: {A} new method for reconstructing phylogenetic trees},
	Volume = 4,
	Year = 1987}

@article{sanderson00,
	Author = {M. J. Sanderson and M. F. Wojciechowski},
	Journal = {Systematic Biology},
	Pages = {671--685},
	Title = {Improved bootstrap confidence limits in large-scale phylogenies with an example from {N}eo-{A}stragalus ({L}eguminosae)},
	Volume = 49,
	Year = 2000}

@inproceedings{sanmartin07,
	Author = {I. Sanmart\'in},
	Booktitle = {Biogeography in a {C}hanging {W}orld},
	Editor = {M. C. Ebach and R. S. Tangney},
	Pages = {135--159},
	Publisher = {CRC Press},
	Title = {Event-based biogeography: {I}ntegrating patterns, processes, and time},
	Year = 2007}

@article{santiago02,
	Author = {M. L. Santiago and C. M. Rodenburg and S. Kamenya and F. Bibollet-Ruche and F. Gao and E. Bailes and S. Meleth and S. Soong and J. M. Kilby and Z. Moldoveanu and B. Fahey and M. N. Muller and A. Ayouba and E. Nerrienet and H. M. McClure and J. L. Heeney and A. E. Pusey and D. A. Collins and C. Boesch and R. W. Wrangham and J. Goodall and P. M. Sharp and G. M. Shaw and B. H. Hahn},
	Journal = {Science},
	Pages = {465},
	Title = {{SIVcpz} in wild chimpanzees},
	Volume = 295,
	Year = 2002}

@article{satta00,
	Author = {Y. Satta and J. Klein and N. Takahata},
	Journal = {Molecular Phylogenetics and Evolution},
	Pages = {259--275},
	Title = {{DNA} archives and our nearest relative: The trichotomy problem revisited},
	Volume = 14,
	Year = 2000}

@article{savage83,
	Author = {H. M. Savage},
	Journal = {Biological Journal of the Linnean Society},
	Pages = {225--244},
	Title = {The shape of evolution: {S}ystematic tree topology},
	Volume = 20,
	Year = 1983}

@article{savolainen00,
	Author = {V. Savolainen and M. W. Chase and S. B. Hoot and C. M. Morton and D. E. Soltis and C. Bayer and M. F. Fay and A. De Bruijn and S. Sullivan and Q. L. Qiu},
	Journal = {Systematic Biology},
	Pages = {306--362},
	Title = {Phylogenetics of flowering plants based upon a combined analysis of plastid atpB and rbc{L} gene sequences},
	Volume = 49,
	Year = 2000}

@article{schluter95,
	Author = {D. Schluter},
	Journal = {Nature},
	Pages = {108--109},
	Title = {Uncertainty in ancient phylogenies},
	Volume = 377,
	Year = 1995}

@article{schluter97,
	Author = {D. Schluter and T. Price and A. {\O}. Mooers and D. Ludwig},
	Journal = {Evolution},
	Pages = {1699--1711},
	Title = {Likelihood of ancestor states in adaptive radiation},
	Volume = 51,
	Year = 1997}

@article{schoniger94,
	Author = {M. Sch{\"o}niger and A. von Haeseler},
	Journal = {Molecular Phylogenetics and Evolution},
	Pages = {240--247},
	Title = {A stochastic model and the evolution of autocorrelated DNA sequences},
	Volume = 3,
	Year = 1994}

@article{schoniger95,
	Author = {M. Sch{\"o}niger and A. von Haeseler},
	Journal = {Systematic Biology},
	Pages = {533--547},
	Title = {Performance of the maximum likelihood, neighbor joining, and maximum parsimony methods when sequence sites are not independent},
	Volume = 44,
	Year = 1995}

@article{schroder70,
	Author = {E. Schr{\"o}der},
	Journal = {Zeitschrift f{\"u}r Mathematik und Physik},
	Pages = {361--376},
	Title = {Vier combinatorische probleme},
	Volume = 15,
	Year = 1870}

@article{schultz99,
	Author = {T. R. Schultz and G. A. Churchill},
	Journal = {Systematic Biology},
	Pages = {651--664},
	Title = {The role of subjectivity in reconstructing ancestral character states: {A} {B}ayesian approach to unknown rates, states, and transformation asymmetries},
	Volume = 48,
	Year = 1999}

@article{schwartz06,
	Author = {A. S. Schwartz and E. W. Myers and L. Pachter},
	Journal = {http://arxiv.org/abs/q-bio.QM/0510052},
	Title = {Alignment metric accuracy},
	Year = {Submitted}}

@article{schwartz07,
	Author = {A. S. Schwartz and L. Pachter},
	Journal = {Bioinformatics},
	Pages = {e24--e29},
	Title = {Multiple alignment by sequence annealingThe evolution of dinosaurs},
	Volume = 23,
	Year = 2007}

@article{sereno99,
	Author = {P. C. Sereno},
	Journal = {Science},
	Pages = {2137--2147},
	Title = {The evolution of dinosaurs},
	Volume = 284,
	Year = 1999}

@article{shankarappa99,
	Author = {R. Shankarappa and R. B. Margolick and S. J. Gange and A. G. Rodrigo and D. Upchurch and H. Farzadegan and P. Gupta and C. R. Rinaldoand G. H. Learn and X. He and X. L. Huang and J. I. Mullins},
	Journal = {Journal of Virology},
	Pages = {10489--10502},
	Title = {Consistent viral evolutionary changes associated with progression of {HIV-1} infection},
	Volume = 73,
	Year = 1999}

@article{sharp01,
	Author = {P. M. Sharp and E. Bailes and R. R. Chaudhuri and C. M. Rodenburg and M. O. Santiago and B. H. Hahn},
	Journal = {Philosophical Transactions of the Royal Society of London, B},
	Pages = {867--876},
	Title = {The origins of acquired immune deficiency syndrome viruses: {W}here and when?},
	Volume = 356,
	Year = 2001}

@article{shao90,
	Author = {K. T. Shao and R. R. Sokal},
	Journal = {Systematic Zoology},
	Pages = {266--276},
	Title = {Tree balance},
	Volume = 39,
	Year = 1990}

@inproceedings{shapiro75,
	Author = {L. Shapiro and I. Bendis},
	Booktitle = {{RNA} {P}hages},
	Editor = {N. D. Zinder},
	Pages = {397--410},
	Publisher = {Cold Spring Harbor Laboratory},
	Title = {{RNA} phages of bacteria other than {E}. coli},
	Year = 1975}

@article{siddall97,
	Author = {M. E. Siddall and A. G. Kluge},
	Journal = {Cladistics},
	Pages = {313--336},
	Title = {Probabilism and phylogenetic inference},
	Volume = 13,
	Year = 1997}

@article{sierwald01,
	Author = {P. Sierwald and W. A. Shear and R. M. Shelley and J. E. Bond},
	Journal = {Journal of Zoological Systematics and Evolutionary Research},
	Pages = {87--99},
	Title = {Millipede phylogeny revisited in the light of the enigmatic order {S}iphoniulida},
	Volume = 41,
	Year = 2001}

@article{sinsheimer03,
	Author = {J. S. Sinsheimer and M. A. Suchard and K. S. Dorman and F. Fang and R. E. Weiss},
	Journal = {Applied Bioinformatics},
	Pages = {131--144},
	Title = {Are you my mother? {B}ayesian phylogenetic inference of recombination among putative parental strains},
	Volume = 2,
	Year = 2003}

@article{slatkin91,
	Author = {M. Slatkin and R. R. Hudson},
	Journal = {Genetics},
	Pages = {555--562},
	Title = {Pairwise comparisons of mitochondrial DNA sequences in stable and exponentially growing populations},
	Volume = 129,
	Year = 1991}

@article{slatkin97a,
	Author = {M. Slatkin and B. Rannala},
	Journal = {American Journal of Human Genetics},
	Pages = {447--458},
	Title = {Estimating the age of alleles by use of intraallelic variability},
	Volume = 60,
	Year = 1997}

@article{slatkin97b,
	Author = {M. Slatkin and B. Rannala},
	Journal = {Genetics},
	Pages = {1855--1861},
	Title = {The sampling distribution of disease-associated alleles},
	Volume = 147,
	Year = 1997}

@article{smith81,
	Author = {B. J. Smith and M. S. Waterman},
	Journal = JMB,
	Pages = {195--197},
	Title = {Identification of Common Molecular Subsequences},
	Volume = 147,
	Year = 1981}

@article{smith05,
	Author = {S. A. Smith and P. R. Stephens and J. J. Wiens},
	Journal = {Evolution},
	Pages = {2433--2450},
	Title = {Replicate patterns of species richness, historical biogeography, and phylogeny in {H}olarctic treefrogs},
	Volume = 59,
	Year = 2005}

@article{smith07,
	Author = {B. J. Smith},
	Journal = {Journal of Statistical Software},
	Pages = {1--37},
	Title = {boa: {A}n {R} package for {MCMC} output convergence assessment and posterior inference},
	Volume = 21,
	Year = 2007}

@article{snel99,
	Author = {B. Snel and P. Bork and M. Huynen},
	Journal = {Nature Genetics},
	Pages = {108--110},
	Title = {Genome phylogeny based on gene content},
	Volume = 21,
	Year = 1999}

@article{sokal58,
	Author = {R. R. Sokal and C. D. Michener},
	Journal = {Univ. Kans. Sci. Bull.},
	Pages = {1409--1438},
	Title = {A statistical method for evaluating systematic relationships},
	Volume = 28,
	Year = 1958}

@book{sokal69,
	Address = {New York},
	Author = {R. R. Sokal and F. J. Rohlf},
	Publisher = {W. H. Freeman and Company},
	Title = {Biometry},
	Year = 1969}

@article{sparks04,
	Author = {J. S. Sparks and W. L. Smith},
	Journal = {Cladistics},
	Pages = {501--517},
	Title = {Phylogeny and Biogeography of Cichlid Fishes (Teleostei: Perciformes: Cichlidae)},
	Volume = 20,
	Year = 2004}

@article{stadler11,
	Author = {T. Stadler},
	Journal = {Systematic Biology},
	Pages = {?--?},
	Title = {Simulating trees on a fixed number of extant species},
	Volume = 60,
	Year = 2011}

@book{stanton86,
	Address = {New York},
	Author = {D. Stanton and D. White},
	Publisher = {Springer-Verlag},
	Title = {Constructive {C}ombinatorics},
	Year = 1986}

@article{stamatakis05,
	Author = {A. Stamatakis and T. Ludwig and H. Meier},
	Journal = {Bioinformatics},
	Pages = {456--463},
	Title = {{RAxML-III}: {A} fast program for maximum likelihood based inference of large phylogenetic tress},
	Volume = 21,
	Year = 2005}

@article{steel88,
	Author = {M. A. Steel},
	Journal = {Nature},
	Pages = {118},
	Title = {Loss of information from genetic distances},
	Volume = 336,
	Year = 1988}

@article{steel93,
	Author = {M. A. Steel and D. Penny},
	Journal = {Systematic Biology},
	Pages = {126--141},
	Title = {Distributions of tree comparison metrics --- some new results},
	Volume = 42,
	Year = 1993}

@article{steel93a,
	Author = {M. A. Steel and D. Penny},
	Journal = {Molecular Biology and Evolution},
	Pages = {839--850},
	Title = {Parsimony, likelihood, and the role of models in molecular phylogenetics},
	Volume = 17,
	Year = 2000}

@article{steel93b,
	Author = {M. A. Steel and D. Penny},
	Journal = {Systematic Biology},
	Pages = {126--141},
	Title = {Distributions of tree comparison metrics---some new results},
	Volume = 42,
	Year = 1993}

@article{steel04,
	Author = {M. A. Steel and D. Penny},
	Journal = {Applied Mathematics Letters},
	Pages = {785--790},
	Title = {Two further links between {MP} ad {ML} under the {P}oisson model},
	Volume = 17,
	Year = 2004}

@article{stephens00,
	Author = {M. Stephens},
	Journal = {Journal of the Royal Statistics Society, Series B},
	Pages = {795--809},
	Title = {Dealing with label-switching in mixture models},
	Volume = 62,
	Year = 2000}

@inproceedings{stephens03,
	Author = {M. Stephens},
	Booktitle = {Handbook of {S}tatistical {G}enetics, 2nd {E}dition},
	Editor = {D. J. Balding and M. Bishop and C. Cannings},
	Pages = {636--661},
	Publisher = {John Wiley \& Sons},
	Title = {Inference under the coalescent},
	Year = 2003}

@inproceedings{stewart99,
	Author = {W. J. Stewart},
	Booktitle = {Advances in Computational Probability},
	Editor = {W. Grassmann},
	Publisher = {Kluwer Academic Publishers},
	Title = {Numerical methods for computing stationary distributions of finite irreducible {M}arkov chains},
	Year = 1999}

@article{stoye98,
	Author = {J. Stoye},
	Journal = {Gene},
	Pages = {GC45--GC56},
	Title = {Multiple sequence alignment with the divide-and-conquer method},
	Volume = 211,
	Year = 1998}

@article{strimmer96,
	Author = {K. Strimmer and A. von Haeseler},
	Journal = {Molecular Biology and Evolution},
	Pages = {964--969},
	Title = {Quartet puzzling: {A} quartet maximum likelihood method for reconstructing tree topologies},
	Volume = 13,
	Year = 1996}

@article{suchard01,
	Author = {M. A. Suchard and R. E. Weiss and J. S. Sinsheimer},
	Journal = {Molecular Biology and Evolution},
	Pages = {1001--1013},
	Title = {Bayesian selection of continuous-time {M}arkov chain evolutionary models},
	Volume = 18,
	Year = 2001}

@article{suchard02,
	Author = {M. A. Suchard and R. E. Weiss and K. S. Dorman and J. S. Sinsheimer},
	Journal = {Systematic Biology},
	Pages = {715--728},
	Title = {Oh brother, where art thou? {A} {B}ayes factor test for recombination with uncertain heritage},
	Volume = 51,
	Year = 2002}

@article{suchard03a,
	Author = {M. A. Suchard and R. E. Weiss and K. S. Dorman and J. S. Sinsheimer},
	Journal = {Journal of the American Statistics Association},
	Pages = {427--437},
	Title = {Inferring spatial phylogenetic variation along nucleotide sequences: {A} multiple changepoint model},
	Volume = 98,
	Year = 2003}

@article{suchard03b,
	Author = {M. A. Suchard and C. M. R. Kitchen and J. S. Sinsheimer and R. E. Weiss},
	Journal = {Systematic Biology},
	Pages = {649--664},
	Title = {Hierarchical phylogenetic models for analyzing multipartite sequence data},
	Volume = 52,
	Year = 2003}

@article{suchard05,
	Author = {M. A. Suchard},
	Journal = {Genetics},
	Pages = {419--431},
	Title = {Stochastic models for horizontal gene transfer: taking a random walk through tree space},
	Volume = 170,
	Year = 2005}

@article{suchard06,
	Author = {M. A. Suchard and B. D. Redelings},
	Journal = {Bioinformatics},
	Pages = {2047--2048},
	Title = {{Bali-Phy}: simultaneous {B}ayesian estimation of alignment and phylogeny},
	Volume = 22,
	Year = 2006}

@article{sullivan05,
	Author = {J. Sullivan and P. Joyce},
	Journal = {Annual Review of Ecology, Evolution, and Systematics},
	Pages = {445--466},
	Title = {Model selection in phylogenetics},
	Volume = 36,
	Year = 2005}

@book{swofford98,
	Address = {Sunderland, Massachusetts},
	Author = {D. L. Swofford},
	Publisher = {Sinauer Associates, Inc.},
	Title = {{PAUP*}: {P}hylogenetic {A}nalysis {U}sing {P}arsimony and {O}ther {M}ethods},
	Year = 1998}

@inproceedings{swofford92,
	Author = {D. L. Swofford and W. P. Maddison},
	Booktitle = {Systematics, historical ecology, and North American freshwater fishes},
	Editor = {R. L. Mayden},
	Pages = {186--223},
	Publisher = {Stanford University Press},
	Title = {Parsimony, character-state reconstructions, and evolutionary inferences},
	Year = 1992}

@inproceedings{swofford96,
	Author = {D. L. Swofford and G. Olsen and P. Waddell and D. M. Hillis},
	Booktitle = {Molecular Systematics, 2nd edition},
	Editor = {D. M. Hillis and C. Moritz and B. Mable},
	Pages = {407--511},
	Publisher = {Sinauer Associates, Inc.},
	Title = {Phylogenetic inference},
	Year = 1996}

@article{swofford01,
	Author = {D. L. Swofford and P. J. Waddell and J. P. Huelsenbeck and P. G. Foster and P. O. Lewis and J. S. Rogers},
	Journal = {Systematic Biology},
	Pages = {525--539},
	Title = {Bias in phylogenetic estimation and its relevance to the choice between parsimony and likelihood methods},
	Volume = 50,
	Year = 2001}

@misc{simon01,
	Author = {D. Simon and B. Larget},
	Howpublished = {http://www.mathcs.duq.edu/larget/bambe.html},
	Title = {Bayesian Analysis in Molecular Biology and Evolution {(BAMBE)}},
	Year = 2001}

@book{sokal63,
	Address = {San Francisco},
	Author = {R. R. Sokal and P. H. A. Sneath},
	Publisher = {W. H. Freeman},
	Title = {Principles of {N}umerical {T}axonomy},
	Year = 1963}

@article{syvanen94,
	Author = {M. Syvanen},
	Journal = {Annual Review of Genetics},
	Pages = {237--261},
	Title = {Horizontal gene transfer: evidence and possible consequences},
	Volume = 28,
	Year = 1994}

@article{tamura93,
	Author = {K. Tamura and M. Nei},
	Journal = {Molecular Biology and Evolution},
	Pages = {512--526},
	Title = {Estimation of the number of nucleotide substitutions in the control region of mitochondrial DNA in humans and chimpanzees},
	Volume = 10,
	Year = 1993}

@article{tarnas98,
	Author = {C. Tarnas and R. Hughey},
	Journal = {Bioinformatics},
	Month = {Jun},
	Number = {5},
	Pages = {401--406},
	Title = {{R}educed space hidden {M}arkov model training},
	Volume = {14},
	Year = {1998}}

@article{tateno82,
	Author = {Y. Tateno and M. Nei and F. Tajima},
	Journal = {Journal of Molecular Evolution},
	Pages = {387--404},
	Title = {Accuracy of estimated phylogenetic trees from molecular data. {I}. {D}istantly related species},
	Volume = 18,
	Year = 1982}

@article{tavare86,
	Author = {S. Tavar{\'e}},
	Journal = {Lectures in Mathematics in the Life Sciences},
	Pages = {57--86},
	Title = {Some probabilistic and statistical problems on the analysis of {DNA} sequences},
	Volume = 17,
	Year = 1986}

@article{teh06,
	Author = {Y. W. Teh and M. I. Jordan and M. J. Beal and D. M. Blei},
	Journal = {Journal of the American Statistical Association},
	Pages = {1566--1581},
	Title = {Hierarchical {D}irichlet processes},
	Volume = 101,
	Year = 2006}

@article{thomas00,
	Author = {A. Thomas and N. Best and D. Spiegelhalter},
	Journal = {Statistics and Computing},
	Pages = {325--337},
	Title = {Win{BUGS} --- A {B}ayesian modelling framework: {C}oncepts, structure, and extensibility},
	Volume = 10,
	Year = 2000}

@book{thompson75,
	Address = {Cambridge, England},
	Author = {E. A. Thompson},
	Publisher = {Cambridge University Press},
	Title = {Human {E}volutionary {T}rees},
	Year = 1975}

@article{thompson94,
	Author = {J. D. Thompson and D. G. Higgins and T. J. Gibson},
	Journal = {Nucleic Acids Research},
	Pages = {4673--4680},
	Title = {Clustal-{W}---improving the sensitivity of progressive multiple alignment through sequence weighting, position-specific gap penalties and weight matrix choice},
	Volume = 22,
	Year = 1994}

@article{thorne91,
	Author = {J. L. Thorne and H. Kishino and J. Felsenstein},
	Journal = JME,
	Pages = {114--124},
	Title = {An Evolutionary Model for Maximum Likelihood Alignment of {DNA} Sequences},
	Volume = 33,
	Year = 1991}

@article{thorne92,
	Author = {J. L. Thorne and H. Kishino and J. Felsenstein},
	Journal = JME,
	Pages = {3--16},
	Title = {Inching Toward Reality: an Improved Likelihood Model of Sequence Evolution},
	Volume = 34,
	Year = 1992}

@article{thorne98,
	Author = {J. Thorne and H. Kishino and I. S. Painter},
	Journal = {Molecular Biology and Evolution},
	Pages = {1647--1657},
	Title = {Estimating the rate of evolution of the rate of molecular evolution},
	Volume = 15,
	Year = 1998}

@article{thorne02,
	Author = {J. Thorne and H. Kishino},
	Journal = {Systematic Biology},
	Pages = {689--702},
	Title = {Divergence time and evolutionary rate estimation with multilocus data},
	Volume = 51,
	Year = 2002}

@inproceedings{tierney96,
	Author = {L. Tierney},
	Booktitle = {Markov {C}hain {M}onte {C}arlo in {P}ractice},
	Editor = {W. R. Gilks and S. Richardson and D. J. Spiegelhalter},
	Pages = {59--74},
	Publisher = {Chapman and Hall},
	Title = {Introduction to general state-space {M}arkov chain theory},
	Year = 1996}

@article{tuffley97,
	Author = {C. Tuffley and M. Steel},
	Journal = {Bulletin of Mathematical Biology},
	Pages = {581--607},
	Title = {Links between maximum likelihood and maximum parsimony under a simple model of site substitution},
	Volume = 59,
	Year = 1997}

@article{tuffley98,
	Author = {C. Tuffley and M. Steel},
	Journal = {Mathematical Biosciences},
	Pages = {63--91},
	Title = {Modeling the covarion hypothesis of nucleotide substitution},
	Volume = 147,
	Year = 1998}

@article{tierney94,
	Author = {L. Tierney},
	Journal = {Annals of Statistics},
	Pages = {1701--1762},
	Title = {{Markov} chains for exploring posterior distributions (with discussion)},
	Volume = 22,
	Year = 1994}

@inproceedings{thorne04,
	Author = {J. Thorne},
	Booktitle = {Statistical Methods in Molecular Evolution},
	Editor = {R. Nielsen},
	Publisher = {Springer-Verlag},
	Title = {{B}ayesian calibration of the molecular clock},
	Year = 2004}

@article{underhill00,
	Author = {P. A. Underhill and P. Shen and A. A. Lin and L. Jin and G. Passarino and W. H. Yang and E. Kauffman and B. Bonn\'e-Tamir and J. Bertranpetit and P. Francalacci and M. Ibrahim and T. Jenkins and J. R. Kidd and S. Q. Mehdi and M. T. Seielstad and R. S. Wells and A. Piazza and R. W. Davis and M. W. Feldman and L. L. Cavalli-Sforza and P. J. Oefner},
	Journal = {Nature Genetics},
	Pages = {358--361},
	Title = {Y chromosome sequence variation and the history of human populations},
	Volume = 26,
	Year = 2000}

@article{uzzell71,
	Author = {T. Uzzell and K. W. Corbin},
	Journal = {Science},
	Pages = {1089--1096},
	Title = {Fitting discrete probability distributions to evolutionary events},
	Volume = 172,
	Year = 1971}

@article{vandenbussche98,
	Author = {R. A. van den Bussche and R. J. Baker and J. P. Huelsenbeck and D. M. Hillis},
	Journal = {Molecular Phylogenetics and Evolution},
	Pages = {408--416},
	Title = {Base compositional bias and phylogenetic analyses: {A} test of the {``Flying DNA''} hypothesis},
	Volume = 13,
	Year = 1998}

@article{vendetti08,
	Author = {C. Vendetti and A. Meade and M. Pagel},
	Journal = {Systematic Biology},
	Pages = {286--293},
	Title = {Phylogenetic mixture models can reduce node-density artifacts},
	Volume = 58,
	Year = 2008}

@article{verdinelli95,
	Author = {I. Verdinelli and L. Wasserman},
	Journal = {Journal of the American Statistical Association},
	Pages = {614--618},
	Title = {Computing {B}ayes factors using a generalization of the {S}avage-{D}ickey density ratio},
	Volume = 90,
	Year = 1995}

@article{vigilant91,
	Author = {L. Vigilant and M. Stoneking and H. Harpending and K. Hawkes and A. C. Wilson},
	Journal = {Science},
	Pages = {1503--1507},
	Title = {African populations and the evolution of human mitochondrial {DNA}},
	Volume = 253,
	Year = 1991}

@article{vingron97,
	Author = {M. Vingron and A. von Haeseler},
	Journal = {Journal of Computational Biology},
	Pages = {23--34},
	Title = {Towards integration of multiple alignment and phylogenetic tree construction},
	Volume = 4,
	Year = 1997}

@article{wallace87,
	Author = {A. R. Wallace},
	Journal = {Bulletin of the American Geographical Society},
	Pages = {1--21},
	Title = {Oceanic islands: {T}heir physical and biological relations},
	Volume = 19,
	Year = 1887}

@inproceedings{webb12,
	Author = {C. O. Webb and R. H. Ree},
	Booktitle = {Biotic evolution and environmental change in Southeast Asia},
	Editor = {D. Gower and K. Johnson and J. Richardson and B. Rosen and L. Ruber and S. Williams},
	Pages = {191--215},
	Publisher = {Cambridge University Press},
	Title = {Historical biogeography inference in {M}alesia},
	Year = 2012}

@article{westneat05,
	Author = {M. W. Westneat and M. E. Alfaro},
	Journal = {Molecular Phylogenetics and Evolution},
	Pages = {370--390},
	Title = {Phylogenetic relationships and evolutionary history of the reef fish family {L}abridae},
	Volume = 36,
	Year = 2005}

@article{wheeler90,
	Author = {W. C. Wheeler},
	Journal = {Cladistics},
	Pages = {363--368},
	Title = {Nucleic acid sequence phylogeny and random outgroups},
	Volume = 6,
	Year = 1990}

@article{whelan01,
	Author = {S. Whelan and N. Goldman},
	Journal = {Molecular Biology and Evolution},
	Pages = {691--699},
	Title = {A general empirical model of protein evolution derived from multiple protein familes using a maximum likelihood approach},
	Volume = 18,
	Year = 2001}

@article{whelan03,
	Author = {S. Whelan and P. de Bakker and N. Goldman},
	Journal = {Bioinformatics},
	Pages = {1556--1563},
	Title = {Pandit: {A} database of protein and associated nucleotide domains with inferred trees},
	Volume = 19,
	Year = 2003}

@article{whelan06,
	Author = {S. Whelan and P. de Bakker and E. Quevillon and N. Rodriguez and N. Goldman},
	Journal = {Nucleic Acids Research},
	Pages = {D327--D331},
	Title = {{PANDIT}: {A}n evolution-centric database of protein and associated nucleotide domains with inferred trees},
	Volume = 34,
	Year = 2006}

@article{whelan07,
	Author = {S. Whelan},
	Journal = {Systematic Biology},
	Pages = {727--740},
	Title = {New approaches to phylogenetic tree search and their application to large numbers of protein alignments},
	Volume = 56,
	Year = 2007}

@article{whiting94,
	Author = {M. F. Whiting and W. C. Wheeler},
	Journal = {Nature},
	Pages = {696},
	Title = {Insect homeotic transformation},
	Volume = 368,
	Year = 1994}

@article{whiting97,
	Author = {M. F. Whiting and J. A. Carpenter and Q. D. Wheeler and W. C. Wheeler},
	Journal = {Systematic Biology},
	Pages = {1--68},
	Title = {The {S}trepsiptera problem: {P}hylogeny of the holometabolous insect orders inferred from {18S} and {28S} ribosomal {DNA} sequences and morphology},
	Volume = 46,
	Year = 1997}

@article{wiens98,
	Author = {J. J. Wiens and M. R. Servedio},
	Journal = {Systematic Biology},
	Pages = {228--253},
	Title = {Phylogenetic analysis and intraspecific variation: {P}erformance of parsimony, likelihood, and distance methods},
	Volume = 47,
	Year = 1998}

@article{wiens05,
	Author = {J. J. Wiens and J. W. Fetzner and C. L. Parinson and T. W. Reeder},
	Journal = {Systematic Biology},
	Pages = {719--748},
	Title = {Hylid frog phylogeny and sampling strategies for speciose clades},
	Volume = 54,
	Year = 2005}

@article{wimmer02,
	Author = {R. Wimmer and S. Kirsch and G. A. Rappold and W. Schempp},
	Journal = {Chromosome Research},
	Pages = {55--61},
	Title = {Direct evidence for the {\it {H}omo-{P}an} clade},
	Volume = 10,
	Year = 2002}

@article{wiley75,
	Author = {E. O. Wiley},
	Journal = {Systematic Biology},
	Pages = {233--243},
	Title = {Karl {R}. {P}opper, systematics, and classification: {A} reply to {W}alter {B}ock and other evolutionary taxonomists},
	Volume = 24,
	Year = 1975}

@book{wiley81,
	Address = {New York},
	Author = {E. O. Wiley},
	Publisher = {John Wiley and Sons},
	Title = {Phylogenetics: {T}he {T}heory and {P}ractice of {P}hylogenetic {S}ystematics},
	Year = 1981}

@article{wilks38,
	Author = {S. S. Wilks},
	Journal = {Ann. Math. Statist.},
	Pages = {554--560},
	Title = {The large-sample distribution of the likelihood ratio for testing composite hypotheses},
	Volume = 9,
	Year = 1938}

@article{williams71,
	Author = {W. T. Williams and H. T. Clifford},
	Journal = {Taxon},
	Pages = {519--522},
	Title = {On the comparison of two classifications of the same set of elements},
	Volume = 20,
	Year = 1971}

@inproceedings{woese93,
	Author = {C. R. Woese and N. R. Pace},
	Booktitle = {The RNA World},
	Editor = {R. F. Gesteland and J. F. Atkins},
	Pages = {91--117},
	Publisher = {Cold Spring Harbor Laboratory Press},
	Title = {Probing {RNA} structure, function, and history by comparative analysis.},
	Year = 1993}

@mastersthesis{wong06,
	Author = {K. M. Wong},
	School = {University of California, San Diego},
	Title = {A systematic analysis of multiple alignment variability using common phylogenetic estimation parameters},
	Year = 2006}

@article{wong08,
	Author = {K. M. Wong and M. A. Suchard and J. P. Huelsenbeck},
	Journal = {Science},
	Pages = {473--476},
	Title = {Alignment uncertainty and genomic analysis},
	Volume = 319,
	Year = 2008}

@article{wright51,
	Author = {S. Wright},
	Journal = {Ann. Eugen.},
	Pages = {323--354},
	Title = {The genetical structure of populations},
	Volume = 15,
	Year = 1951}

@article{xiang06,
	Author = {Q. Y. Xiang and D. T. Thomas and W. Zhang and S. R. Manchester and Z. Murrell},
	Journal = {Taxon},
	Pages = {9--30},
	Title = {Species level phylogeny of the genus {\it {C}ornus} ({C}ornaceae) based on molecular and morphological evidence --- implications for taxonomy and {T}ertiary intercontinental migration},
	Volume = 55,
	Year = 2006}

@article{xiang08,
	Author = {Q. Y. Xiang and J. L. Thorne and T. K. Seo and W. H. Zhang and D. T. Thomas and R. E. Ricklefs},
	Journal = {Molecular Phylogenetics and Evolution},
	Pages = {327--342},
	Title = {Rates of nucleotide substitution in {C}ornaceae ({C}ornales) --- pattern of variation and underlying causal factors},
	Volume = 49,
	Year = 2008}

@article{yang93,
	Author = {Z. Yang},
	Journal = {Molecular Biology and Evolution},
	Pages = {1396--1401},
	Title = {Maximum likelihood estimation of phylogeny from {DNA} sequences when substitution rates differ over sites},
	Volume = 10,
	Year = 1993}

@article{yang94a,
	Author = {Z. Yang},
	Journal = {Journal of Molecular Evolution},
	Pages = {306--314},
	Title = {Maximum likelihood phylogenetic estimation from {DNA} sequences with variable rates over sites: {A}pproximate methods},
	Volume = 39,
	Year = 1994}

@article{yang94b,
	Author = {Z. Yang},
	Journal = {Journal of Molecular Evolution},
	Pages = {105--111},
	Title = {Estimating the pattern of nucleotide substitution},
	Volume = 39,
	Year = 1994}

@article{yang95a,
	Author = {Z. Yang},
	Journal = {Genetics},
	Pages = {993--1005},
	Title = {A space-time process model for the evolution of {DNA} sequences},
	Volume = 139,
	Year = 1995}

@article{yang95b,
	Author = {Z. Yang and N. Goldman and A. E. Friday},
	Journal = {Systematic Biology},
	Pages = {384--399},
	Title = {Maximum likelihood trees from {DNA} sequences: {A} peculiar statistical estimation problem},
	Volume = 44,
	Year = 1995}

@article{yang95c,
	Author = {Z. Yang and S. Kumar and M. Nei},
	Journal = {Genetics},
	Pages = {1641--1650},
	Title = {A new method for inference of ancestral nucleotide and amino acid sequences},
	Volume = 141,
	Year = 1995}

@article{yang96a,
	Author = {Z. Yang},
	Journal = {Journal of Molecular Evolution},
	Pages = {587--596},
	Title = {Maximum-likelihood models for combined analyses of multiple sequence data},
	Volume = 42,
	Year = 1996}

@article{yang96b,
	Author = {Z. Yang},
	Journal = {Journal of Molecular Evolution},
	Pages = {294--307},
	Title = {Phylogenetic analysis using parsimony and likelihood methods},
	Volume = 42,
	Year = 1996}

@article{yang97a,
	Author = {Z. Yang},
	Journal = {Computer Applications in BioSciences},
	Pages = {555--556},
	Title = {{PAML}: {A} program package for phylogenetic analysis by maximum likelihood},
	Volume = 13,
	Year = 1997}

@article{yang98,
	Author = {Z. Yang and R. Nielsen and M. Hasegawa},
	Journal = {Molecular Biology and Evolution},
	Pages = {1600--1611},
	Title = {Models of amino acid substitution and applications to mitochondrial protein evolution},
	Volume = 15,
	Year = 1998}

@article{yang00,
	Author = {Z. Yang and R. Nielsen and N. Goldman and A. M. K. Pedersen},
	Journal = {Genetics},
	Pages = {431--449},
	Title = {Codon-substitution models for heterogeneous selection pressure},
	Volume = 155,
	Year = 2000}

@article{yang97b,
	Author = {Z. Yang and B. Rannala},
	Journal = {Molecular Biology and Evolution},
	Pages = {717--724},
	Title = {{Bayesian} phylogenetic inference using {DNA} sequences: a {Markov} chain {Monte Carlo} method},
	Volume = 14,
	Year = 1997}

@article{yang02,
	Author = {Z. Yang and R. Nielsen},
	Journal = {Molecular Biology and Evolution},
	Pages = {908--917},
	Title = {Codon-substitution models for detecting molecular adaptation at individual sites along specific lineages},
	Volume = 19,
	Year = 2002}

@article{yang03,
	Author = {Z. Yang and A. D. Yoder},
	Journal = {Systematic Biology},
	Pages = {705--716},
	Title = {Comparison of likelihood and Bayesian methods for estimating divergence times using multiple gene loci and calibration points, with application to a radiation of cute-looking mouse lemur species},
	Volume = 52,
	Year = 2003}

@inproceedings{yang04,
	Author = {Z. Yang},
	Booktitle = {Statistical Methods in Molecular Evolution},
	Editor = {R. Nielsen},
	Publisher = {Springer-Verlag},
	Title = {Detecting positive selection using {PAML}},
	Year = 2004}

@article{yeldandi91,
	Author = {A. V. Yeldandi and V. Yeldandi and S. Kumar and C. V. Murthy and X. D. Wang and K. Alvares and M. S. Rao and J. K. Reddy},
	Journal = {Gene},
	Pages = {281--284},
	Title = {Molecular evolution of the urate oxidase-encoding gene in hominoid primates: nonsense mutations},
	Volume = 109,
	Year = 1991}

@article{yoder00,
	Author = {A. D. Yoder and Z. Yang},
	Journal = {Molecular Biology and Evolution},
	Pages = {1081--1090},
	Title = {Estimation of primate speciation dates using local molecular clocks},
	Volume = 17,
	Year = 2000}

@article{yu06,
	Author = {J. Yu and J. L. Thorne},
	Journal = {Molecular Biology and Evolution},
	Pages = {1525--1537},
	Title = {Dependence among sites in {RNA} evolution},
	Volume = 23,
	Year = 2006}

@article{yu10,
	Author = {Yu, Y. and Harris, AJ and He, X.},
	Journal = {Molecular Phylogenetics and Evolution},
	Number = {2},
	Pages = {848--850},
	Title = {S-DIVA (Statistical Dispersal-Vicariance Analysis): a tool for inferring biogeographic histories},
	Volume = {56},
	Year = {2010}}

@article{yule24,
	Author = {G. U. Yule},
	Journal = {Philosophical Transactions of the Royal Society of London, Biology},
	Pages = {21--87},
	Title = {A mathematical theory of evolution, based on the conclusions of {Dr. J. C. Wills, F. R. S.}},
	Volume = 213,
	Year = 1924}

@article{zani00,
	Author = {P. A. Zani},
	Journal = {Journal of Evolutionary Biology},
	Pages = {316--325},
	Title = {The comparative evolution of lizard claw and toe morphology and clinging performance},
	Volume = 13,
	Year = 2000}

@article{zanotto96,
	Author = {P. M. Zanotto and E. A. Gould and G. F. Gao and P. H. Harvey and E. C. Holmes},
	Journal = {Proceedings of the National Academy of Science, U.S.A.},
	Pages = {548--553},
	Title = {Population dynamics of flaviviruses revealed by molecular phylogenies},
	Volume = 93,
	Year = 1996}

@article{zhang97,
	Author = {J. Zhang and M. Nei},
	Journal = {Journal of Molecular Evolution},
	Pages = {5139--5146},
	Title = {Accuracies of ancestral amino acid sequences inferred by the parsimony, likelihood, and distance methods},
	Volume = 44,
	Year = 1997}

@article{zhao02,
	Author = {Z. Zhao and E. Boerwinkle},
	Journal = {Genome Research},
	Pages = {1679--1686},
	Title = {Neighboring-nucleotide effects on single nucleotide polymorphisms: {A} study of 2.6 million polymorphisms across the human genome},
	Volume = 12,
	Year = 2002}

@inproceedings{zimmerman31,
	Author = {W. Zimmerman},
	Booktitle = {Handbuch der biologischen {A}rbeitsmethoden},
	Editor = {E. Abderhalden},
	Pages = {941--1053},
	Publisher = {Urban and Schwarzenberg, Berlin},
	Title = {Arbeitsweise der botanischen {P}hylogenetik und anderer {G}ruppierungswissenschaften},
	Year = 1931}

@inproceedings{zuckerkandl62,
	Author = {E. Zuckerkandl and L. Pauling},
	Booktitle = {Horizons in Biochemistry},
	Editor = {M. Kasha and B. Pullman},
	Pages = {189--225},
	Publisher = {Academic Press, New York},
	Title = {Molecular disease, evolution, and genetic heterogeneity},
	Year = 1962}

@article{zuker89,
	Author = {M. Zuker},
	Journal = {Science},
	Pages = {48--52},
	Title = {On Finding All Suboptimal Foldings of an {RNA} Molecule},
	Volume = 244,
	Year = 1989}

@article{zwickl04,
	Author = {D. J. Zwickl and M. T. Holder},
	Journal = {Systematic Biology},
	Pages = {877--888},
	Title = {Model parameterization, prior distributions, and the general time-reversible model in {B}ayesian phylogenetics},
	Volume = 53,
	Year = 2004}
